2086 3428
264 1176 610 1230 Quandoquidem
659 1175 766 1217 nihil
801 1175 921 1216 credo
953 1175 1090 1216 obstat
1121 1175 1344 1229 quominus
1375 1175 1418 1216 in
1451 1175 1696 1230 conjecturis

206 1261 305 1301 meis
346 1259 621 1315 proponendis
667 1273 759 1299 eum
804 1273 949 1312 sequar
990 1257 1174 1298 ordinem
1214 1273 1334 1311 quem
1368 1258 1453 1312 ipse
1487 1258 1587 1298 mihi
1618 1262 1694 1298 sta-

208 1343 374 1394 tuerim,
422 1342 589 1382 initium
635 1342 778 1382 faciam
825 1341 873 1382 ab
917 1342 966 1382 iis
1007 1341 1183 1382 Lueiaui
1226 1340 1341 1382 libris
1382 1342 1453 1395 qui
1484 1342 1693 1382 communi

209 1425 372 1465 nomine
404 1423 704 1474 „Saturnalia”
736 1423 1035 1475 inscribuntur,
1071 1428 1111 1464 et
1143 1424 1239 1477 quia
1268 1424 1369 1464 mihi
1396 1439 1554 1478 semper
1580 1424 1695 1477 digni

210 1507 285 1548 visi
332 1512 431 1547 sunt
476 1508 547 1560 qui
588 1511 861 1547 numerentur
902 1507 1010 1547 inter
1054 1522 1121 1548 eos
1161 1506 1287 1548 libros
1329 1508 1372 1548 in
1415 1507 1566 1561 quibus
1600 1523 1695 1562 prae

212 1590 358 1630 ceteris
399 1589 653 1630 Lueianeum
688 1589 899 1643 ingenium
931 1590 1090 1639 emieat,
1124 1594 1164 1629 et
1195 1590 1292 1643 quia
1326 1605 1392 1631 eos
1424 1590 1689 1631 librariorum

207 1672 390 1712 socordia
431 1672 574 1712 multis
612 1672 846 1725 inquinavit
876 1671 1083 1712 erroribus
1115 1687 1291 1726 quorum
1324 1673 1544 1714 nonnullos
1575 1674 1692 1714 facile

204 1754 354 1806 corrigi
385 1769 499 1808 posse
532 1753 722 1795 arbitror.

263 1838 284 1891 s}
327 1839 383 1879 22.
424 1837 633 1878 Sacerdoti
674 1837 837 1878 divitias
878 1853 1055 1892 opesque
1090 1838 1248 1892 petenti
1282 1839 1338 1878 ita
1372 1838 1591 1893 respondet
1623 1839 1689 1879 Sa—

203 1924 353 1961 turnus
401 1924 450 1961 ut
490 1921 633 1961 doceat
674 1920 804 1960 solun]
846 1920 989 1961 Jovem
1031 1920 1130 1960 talia
1171 1920 1351 1961 tribuere
1395 1936 1534 1976 posse;
1568 1937 1689 1963 suum

205 2003 313 2043 enim
353 2003 571 2057 imperium
604 2018 686 2044 non
720 2003 851 2044 solum
883 2009 1065 2058 tempore
1098 2019 1182 2044 esse
1215 2004 1586 2059 circumscriptum,
1620 2006 1688 2047 sed

204 2100 255 2126 116
298 2085 407 2125 111161·
451 2084 570 2126 breve
613 2085 777 2139 quidem
819 2086 977 2127 dierum
1021 2086 1199 2141 spatium
1233 2087 1343 2140 quod
1374 2087 1450 2128 sibi
1483 2087 1690 2143 obtigerit,

204 2167 431 2221 quidquam
478 2167 555 2209 sibi
601 2183 719 2222 agere
760 2168 882 2209 licere
924 2168 1002 2209 nisi
1045 2168 1155 2222 quod
1197 2170 1247 2210 ad
1290 2169 1436 2211 ludum
1463 2171 1687 2225 jocumque

203 2251 419 2305 pertineat.
1269 2238 1272 2239 γ

264 2332 420 2382 Verum
462 2348 553 2388 pars
594 2333 719 2388 hujus
761 2335 944 2389 responsi
988 2334 1044 2374 ita
1088 2335 1130 2375 in
1163 2335 1369 2377 codicibus
1401 2336 1687 2378 circumfertur

204 2421 253 2457 ut
283 2421 392 2457 reete
424 2417 603 2471 intelligi
635 2417 752 2458 nullo
784 2417 902 2457 modo
936 2418 1077 2472 possit.

263 2498 438 2553 Legitur
479 2499 609 2540 enim:
653 2500 690 2540 ἐν
732 2500 876 2546 aaron}
918 2499 957 2541 δὲ
1000 2505 1086 2546 τρεῖς
1126 2501 1228 2541 ἑπτὰ
1262 2501 1468 2543 σπουδκῖον
1500 2503 1572 2552 μὲν
1605 2504 1686 2544 οὐδὲ

203 2581 381 2632 ἆγορκῖον
414 2581 677 2629 διοικήσκσθκί
707 2598 771 2631 μοι
803 2583 1110 2634 συγκεχώρητκι.

261 2661 391 2703 Video
433 2663 474 2703 in
515 2665 658 2713 „notis
701 2664 946 2704 variorum”
980 2665 1084 2705 viros
1115 2664 1255 2706 doctos
1286 2666 1434 2720 partim
1468 2667 1684 2709 defendere

201 2743 418 2785 lectionem
452 2745 659 2799 vulgarem
692 2750 740 2786 ut
770 2747 822 2786 sit
855 2748 1062 2788 σπουδαιῖον
1089 2749 1161 2797 μὲν
1191 2747 1272 2789 οὐδὲ
1296 2749 1476 2801 ἀγορκῖυν
1494 2751 1682 2801 „serium

198 2826 303 2866 nihil
332 2842 465 2882 neque
497 2827 708 2881 publicum
742 2830 980 2883 negotium’'
1017 2830 1161 2884 (versio
1192 2831 1403 2886 Gesneri);
1431 2834 1580 2887 partim
1606 2834 1680 2874 hoc

1494 2907 1509 2935 1
