2086 3428
1007 289 1028 328 7

277 442 367 467 mus
408 432 639 467 narrantem
685 424 742 467 οἷαι
773 425 909 467 ἔπαθον
942 426 1122 472 πλέοντες
1153 425 1172 473 ἢ
1208 428 1255 472 [ὃς
1288 427 1304 466 ὁ
1341 426 1462 478 οέστηρ
1495 427 1635 473 αὐτοὺς
1667 426 1758 467 ἔσω-

275 509 386 557 σεν”;
420 509 446 549 l.
481 508 548 549 nul
583 511 629 554 ὡς
662 509 678 549 o‘
711 510 749 549 σέ.
786 508 879 549 Non
913 509 1021 548 enim
1053 509 1299 549 alterutrum
1334 509 1404 549 ille
1437 513 1681 549 narraverat.

335 592 393 632 Ut
435 592 477 632 in
519 591 709 631 omnibus
753 591 960 631 codicibus
1003 591 1070 631 καί
1102 590 1347 631 vocabulum
1381 591 1663 631 calamitosum
1698 596 1759 632 est

274 675 332 715 ita
379 679 420 715 et
462 675 573 728 apud
615 674 846 714 Lucianum
888 674 1039 713 affatim
1083 678 1143 713 est
1173 674 1450 727 exemplorum
1487 673 1557 713 ubi
1590 689 1635 713 ea
1670 689 1760 713 con-

269 758 431 812 junctio
478 761 552 797 aut
598 741 720 797 abest¹
753 771 882 809 quum
925 756 1150 796 necessario
1195 756 1442 809 requiratur,
1488 760 1560 795 aut
1592 771 1637 796 eo
1670 756 1758 796 loco

272 840 425 893 legitur
474 839 544 879 ubi
587 839 753 879 ferenda
793 853 874 879 non
918 842 989 878 est.
1034 838 1169 878 Nimis
1211 838 1332 892 longe
1374 853 1395 877 a
1428 853 1516 878 meo
1550 838 1757 892 proposito

273 921 505 975 digrederer
548 922 580 961 si
622 936 732 961 nunc
762 936 901 961 omnes
931 920 1107 960 Luciani
1139 920 1247 960 locos
1280 920 1459 960 indicare
1494 920 1640 959 vellem
1672 920 1760 972 qui-

272 1003 348 1044 bus
380 1004 458 1044 1100
490 1003 650 1045 accidit.
686 1004 761 1044 Sed
796 1018 876 1044 non
910 1018 1073 1057 possum
1106 1018 1128 1043 a
1161 1018 1224 1042 me
1256 1003 1473 1056 impetrare
1505 1008 1553 1042 ut
1583 1007 1759 1057 praeter-

272 1102 359 1127 eam
400 1101 531 1127 unum
574 1087 710 1127 locum
754 1085 825 1126 ubi
866 1086 1101 1139 conjunctio
1144 1085 1212 1126 κοιί
1252 1085 1357 1125 alius
1400 1085 1589 1126 vocabuli
1620 1085 1755 1126 sedem

271 1171 486 1224 occupavit
518 1174 558 1210 et
590 1170 647 1210 sic
678 1169 861 1210 turbavit
893 1173 1023 1209 totam
1055 1169 1293 1208 orationem.

329 1252 503 1306 Legitur
544 1253 585 1292 111
628 1252 820 1304 προλκλίᾳ
863 1251 950 1301 ,,(10
989 1250 1264 1306 Dipsadibus''
1297 1250 1465 1305 (LXIV)
1500 1252 1520 1305 ξ
1554 1254 1610 1290 62.
1645 1251 1757 1291 Post-

270 1349 393 1389 quam
427 1335 600 1389 scriptor
631 1335 822 1389 exposuit
854 1334 1141 1389 inexplebilem
1166 1334 1290 1384 sitim,
1320 1349 1400 1387 qua
1427 1333 1499 1387 qui
1528 1349 1549 1373 a
1577 1333 1756 1387 Dipsadc

273 1431 431 1457 morsus
474 1421 533 1457 est
574 1415 745 1468 laborat,
785 1417 843 1457 ita
875 1417 1031 1471 pergit:
1065 1417 1294 1470 „equidem
1329 1417 1531 1457 neminem
1565 1416 1648 1457 vidi
1680 1417 1752 1470 qui

268 1498 331 1538 his
362 1498 479 1539 malis
512 1499 780 1548 cruciaretur,
814 1514 913 1539 neve
947 1514 970 1539 o
1003 1498 1071 1539 Dii
1105 1499 1224 1539 boni!
1258 1514 1442 1553 unquam
1475 1499 1646 1541 videam.
1677 1500 1754 1540 Sed

268 1586 415 1621 notum
448 1581 547 1621 mihi
579 1586 640 1621 est
672 1581 920 1636 epigramma
953 1581 1063 1635 quod
1095 1582 1318 1623 amicorum
1352 1583 1500 1636 aliquis
1533 1583 1633 1623 mihi
1665 1598 1754 1623 nar-

266 1663 372 1703 ravit
415 1677 456 1703 se
499 1662 643 1716 legisse
685 1663 726 1703 in
767 1663 884 1717 cippo
926 1663 1101 1703 hominis
1133 1664 1191 1703 ita
1224 1664 1450 1705 defuncti.”
1486 1665 1654 1705 Amicus
1686 1665 1755 1705 ille

265 1743 342 1796 ἔφη
384 1746 466 1794 ,,ε’κ
506 1745 659 1795 Λιβύης
691 1746 814 1786 οξπιὼν
847 1746 953 1798 παρὰ
983 1746 1052 1793 την
1084 1746 1266 1796 μεγάλην
1298 1747 1432 1798 Σύρτιν
1465 1749 1653 1788 ποιεῖσθαι
1686 1748 1754 1794 την

266 1827 424 1878 mpsim.
473 1826 561 1868 ἕνθκ
603 1827 647 1873 δη
690 1827 807 1880 τάφῳ
849 1829 1026 1879 ἐντυχεῖν
1068 1828 1174 1880 πκρέι
1216 1829 1285 1875 την
1329 1829 1420 1881 &dvx
1461 1829 1523 1870 ἐπ’
1562 1831 1665 1882 αὐτῷ
1701 1832 1753 1882 τῷ

265 1908 464 1959 κλυσμκτι
496 1909 563 1950 nx}
597 1911 743 1957 στήλην
775 1911 990 1962 ἐφεστάναι
1019 1911 1212 1958 δηλοῦσκν
1241 1914 1307 1952 τοῦ
1336 1911 1479 1963 ὀλέθρου
1496 1913 1559 1953 τὸν
1577 1912 1752 1964 τρε’πῡν.”

266 1991 382 2043 Quae
415 1993 492 2032 ista
525 1997 585 2033 est
616 1993 831 2033 verborum
864 1994 1099 2034 structura?
1132 1993 1208 2046 ἔφη
1243 1995 1417 2045 ἐντυχεῖν
1449 1995 1567 2047 τάφῳ
1597 2020 1656 2025 —
1683 1995 1751 2036 καὶ

264 2075 410 2122 στήλην
440 2075 686 2127 mendum?
721 2075 906 2116 Debebat
932 2076 1076 2117 saltem
1102 2075 1170 2117 ux}
1197 2076 1316 2128 τούτῳ
1344 2093 1405 2117 στ.
1435 2078 1499 2129 ἐφ.
1520 2077 1598 2117 Sed
1615 2093 1751 2131 neque

263 2158 318 2199 sic
350 2158 560 2199 Lucianus
592 2159 766 2213 scripsit.
801 2157 1000 2199 Primaria
1033 2159 1141 2200 enim
1174 2175 1265 2214 pars
1300 2161 1545 2201 narrationis
1578 2176 1659 2201 non
1691 2166 1751 2202 est

262 2240 373 2294 quod
421 2241 575 2282 amicus
616 2241 685 2282 ille
729 2242 771 2281 in
812 2242 992 2295 aliquem
1036 2243 1247 2283 tumulum
1290 2243 1492 2295 inciderit,
1535 2245 1601 2284 sed
1637 2245 1748 2298 quod

262 2324 304 2364 in
351 2339 445 2364 eum
483 2324 692 2364 tumulum
736 2325 808 2378 qui
850 2325 956 2365 illud
998 2324 1167 2365 haberet
1208 2326 1468 2380 epigramma.
1504 2326 1747 2381 Legendum

262 2421 379 2460 ergo:
412 2406 529 2458 τάφῳ
561 2407 734 2458 ἐντυχεῖν
767 2403 792 2459 ᾧ
826 2408 972 2455 στήλην
1004 2408 1229 2460 ἐφεστάναι.
1265 2408 1496 2450 Pronomen
1524 2411 1743 2450 re]ativum

261 2487 303 2527 in
345 2488 526 2528 oratione
566 2489 767 2529 indirecta
798 2505 892 2530 cum
925 2490 1129 2530 infinitivo
1162 2492 1433 2545 conjunctum
1467 2493 1577 2546 apud
1610 2508 1748 2533 omnes

262 2570 436 2611 Graecos
467 2571 681 2625 scriptores
713 2573 927 2627 reperitur,
962 2573 1200 2627 praesertim
1232 2574 1341 2628 apud
1372 2575 1643 2627 Herodotum,
1678 2576 1747 2617 sed

261 2667 396 2706 neque
437 2653 508 2693 alii
548 2653 596 2693 ab
639 2670 685 2695 eo
730 2670 807 2695 usu
849 2655 1084 2696 abhorrent.
1118 2656 1317 2711 Exemplo
1348 2657 1400 2698 sit
1434 2658 1557 2712 Soph.
1593 2658 1745 2699 Electr.

260 2749 317 2775 vs.
351 2735 433 2775 417
467 2750 552 2789 sqq.
567 2752 574 2775 :
