2086 3428
995 318 1017 355 5

275 454 428 509 κύκλῳ)
464 469 543 494 non
577 468 701 494 unam
734 453 804 494 sed
836 468 974 493 omnes
999 453 1146 507 januas
1173 453 1339 507 aperire.
1370 453 1523 494 Verum
1555 458 1616 493 est
1644 452 1759 492 aliud

273 535 426 575 certius
456 535 603 575 erroris
635 535 847 575 indicium.
880 535 1070 575 Editores
1102 540 1143 575 et
1175 536 1420 590 interpretes
1448 550 1528 576 non
1558 534 1754 575 videntur

272 617 369 657 satis
415 618 612 671 cogitasse
660 633 743 657 esse
789 617 946 671 aliquid
990 618 1097 658 inter
1140 617 1315 670 στρέφειν
1358 622 1399 658 et
1441 617 1608 669 τρέπεινε,
1643 617 1752 657 unde

273 699 428 739 factum
471 704 530 739 est
569 703 615 739 ut
655 703 841 739 nostrum
875 699 1011 740 locum
1044 700 1244 740 verterint
1275 700 1517 749 „convertit
1545 700 1757 753 januam.’'

273 782 351 822 Sed
383 782 611 834 περιτρέπειν
642 797 723 822 non
751 787 812 823 est
835 815 860 832 „
877 782 1150 832 convertere'’,
1178 797 1320 822 verum
1344 781 1757 836 „prosternere”

272 869 313 904 et
343 864 435 914 „in
470 864 638 905 solum
671 865 988 918 0011jicere.”
1024 864 1117 905 Non
1151 879 1246 918 ergo
1278 865 1397 905 facile
1426 865 1552 919 janua
1586 880 1757 915 „wepl-

271 946 553 999 Tps‘ffs‘rxt.'’
587 947 665 988 Sed
694 948 775 988 fere
803 947 890 987 sine
918 947 1003 987 ulla
1032 947 1258 987 mutatione
1277 948 1440 988 restitui
1457 952 1593 1002 potest
1610 962 1757 987 nomen

270 1031 534 1071 instrumenti
577 1030 687 1084 quod
720 1036 759 1072 et
790 1031 832 1070 in
865 1031 1064 1084 cujusque
1097 1030 1244 1070 medici
1277 1030 1435 1070 officina
1466 1030 1684 1084 reperitur,
1719 1033 1759 1069 et

270 1113 367 1166 quia
412 1113 657 1167 plerumque
703 1114 745 1154 in
793 1128 932 1153 mensa
978 1113 1158 1167 positum
1207 1118 1267 1153 est
1307 1113 1402 1154 inde
1444 1117 1579 1168 potest
1621 1113 1755 1167 dejici.

272 1194 433 1248 Nempe
465 1209 537 1248 pro
571 1200 754 1236 ΘΥΡΑΝ
785 1194 1002 1248 legendum
1037 1199 1098 1235 cst
1131 1201 1303 1236 ΘΥΙΑΝ
1335 1196 1452 1249 (θυΐκν
1480 1195 1751 1248 mort-arium).

273 1275 530 1316 Vocabulum
574 1277 656 1317 θυΐκ
687 1278 870 1330 quamvis
903 1282 1048 1317 notum
1082 1292 1129 1317 ex
1162 1278 1446 1332 Aristophanis
1480 1277 1583 1318 Pace
1616 1283 1753 1318 tamen

267 1358 385 1399 facile
418 1359 654 1413 imperitum
687 1359 857 1400 scribam
892 1360 1018 1400 latere
1052 1363 1224 1413 poterat.

328 1698 421 1738 Non
455 1702 516 1739 est
546 1699 714 1740 fortasse
747 1700 852 1741 alius
886 1699 1059 1740 Luciani
1091 1701 1277 1754 dialogus
1308 1701 1498 1755 pluribus
1526 1716 1753 1742 commacu-

226 1834 229 1838 .
266 1779 377 1820 latus
410 1780 519 1820 vitiis
550 1796 673 1834 quam
705 1781 777 1834 qui
809 1781 1045 1822 inscribitur
1076 1782 1337 1836 „Navigium
1369 1784 1452 1823 sive
1472 1783 1620 1823 Vota.’'
1640 1783 1751 1824 [ndi-

267 1862 365 1903 cabo
408 1878 537 1903 unum
581 1868 622 1904 et
664 1864 840 1905 alterum
873 1865 1006 1905 locum
1041 1866 1114 1919 qui
1147 1865 1248 1905 mihi
1281 1865 1331 1905 ad
1364 1866 1664 1906 emendandum
1696 1867 1751 1907 vi-

266 1945 388 1985 detur
419 1945 652 1986 facillimus.

326 2026 550 2081 Postquam
582 2028 689 2069 inter
723 2029 885 2078 amicos,
921 2029 1062 2070 urbem
1096 2045 1235 2071 versus
1259 2029 1529 2081 ambulantes,
1558 2032 1750 2072 convenit

262 2115 310 2150 ut-
353 2111 513 2151 itineris
550 2110 729 2152 laborem
773 2112 917 2152 fallant
959 2113 1225 2166 animumque
1268 2113 1477 2154 oblectent
1516 2115 1694 2168 optando
1727 2131 1749 2155 a

262 2191 352 2233 Diis
393 2193 504 2246 quod
542 2195 692 2247 cuique
736 2195 908 2235 maxime
950 2200 1055 2236 esset
1086 2196 1129 2236 in
1160 2197 1277 2247 votis,
1314 2197 1576 2248 Adimantus,
1612 2198 1748 2252 magni

263 2275 415 2316 laboris
457 2277 689 2331 impatiens,
730 2277 837 2318 nihil
876 2278 951 2318 sibi
983 2279 1138 2333 expetit
1169 2284 1330 2333 praeter
1364 2295 1551 2334 magnam
1586 2281 1675 2320 auri
1707 2285 1749 2321 et

261 2359 422 2412 argenti
453 2360 624 2414 copiam,
658 2374 781 2413 quam
815 2365 862 2401 ut
894 2361 1087 2402 facillime
1118 2362 1286 2415 colligat
1319 2362 1361 2402 in
1395 2362 1480 2416 ipso
1508 2362 1617 2402 domi
1644 2363 1747 2403 atrio

263 2439 501 2481 thesaurum
549 2442 737 2481 effossum
784 2442 860 2483 sibi
907 2443 1036 2498 fingit..
1081 2444 1237 2485 Verum
1277 2445 1316 2485 in
1363 2445 1440 2485 alia
1484 2445 1619 2485 omnia
1662 2445 1749 2486 abit

260 2523 380 2563 amici
426 2523 608 2579 Samippi
658 2541 771 2565 mens
819 2531 860 2566 et
907 2527 1116 2581 cogitatio.
1160 2527 1229 2567 Illi
1273 2528 1408 2568 omnia
1450 2528 1607 2568 nullius
1653 2533 1752 2569 sunt

262 2604 384 2658 pretii
425 2620 520 2659 prae
564 2607 733 2661 imperio
775 2612 816 2648 et
856 2608 956 2649 solio
996 2609 1119 2663 regio.
1155 2609 1302 2663 Neque
1335 2609 1486 2651 sufficit
1518 2616 1696 2665 potestas
1729 2627 1751 2651 a

262 2692 377 2743 patre
418 2694 608 2743 accepta:
647 2704 820 2743 regnum
851 2706 1016 2744 quoque
1049 2691 1220 2746 despicit
1252 2708 1334 2733 non
1368 2693 1406 2733 vi
1438 2708 1642 2733 armorum
1678 2693 1749 2734 sed

262 2785 507 2824 proavorum
556 2771 710 2812 virtute
759 2777 1018 2827 occupatum,
1067 2773 1211 2824 „emi”
1253 2775 1311 2815 ait
1356 2776 1446 2826 „7:¹12
1491 2776 1749 2826 Ἀδειμάντου
