2086 3428
989 320 1043 362 31

272 458 337 499 vel
382 458 488 498 alius
535 456 722 498 vocabuli
769 457 906 497 sedem
953 458 1223 510 occupavisse,
1274 457 1397 511 hujus
1450 457 1507 496 rei
1549 457 1672 497 etiam
1716 458 1756 497 in

275 539 499 591 „Baccho”
532 539 764 593 exemplum
798 539 1013 593 reperitur.

332 624 353 676 x}
388 625 450 662 1³:
486 621 564 662 Ubi
593 621 687 662 Indi
715 622 764 662 de
792 621 943 662 Bacchi
962 621 1142 661 exercitu
1161 625 1201 661 et
1218 621 1338 661 armis
1357 636 1581 661 sermonem
1600 621 1767 661 faciunt

272 706 330 745 ita
362 705 411 745 de
444 705 648 759 tympanis
681 704 910 757 loquuntur
943 708 990 744 ut
1018 719 1063 743 ea
1090 703 1251 743 dicant:
1279 703 1469 754 πελτάρια
1485 706 1630 755 κοῦφαι,
1651 703 1754 753 βομ-

274 788 422 838 βοῦντα
454 788 489 828 εἴ
515 804 573 834 τις
605 788 716 837 μόνον
747 787 1000 839 προσάψκιτο.
1036 787 1165 827 Addit
1197 787 1281 841 ipse
1314 787 1486 841 scriptor
1516 787 1652 827 ἀσπίσι
1684 787 1758 838 γὰρ

274 870 415 923 ᾕκκζον
448 869 511 911 nx?
544 871 595 911 τέι
620 871 824 921 τύμπανα.
855 870 963 922 Quia
991 870 1091 910 nihil
1123 874 1182 910 est
1209 870 1250 910 in
1278 870 1430 909 Bacchi
1448 870 1629 910 exercitu
1648 869 1757 923 quod

274 953 360 993 ullo
404 954 535 1003 modo,
578 968 627 993 ne
668 953 716 993 ab
749 953 936 993 attonitis
968 952 1083 993 Indis
1114 953 1280 1006 quidem
1315 967 1408 992 cum
1441 953 1567 993 scutis
1600 968 1758 1007 compa-

274 1035 353 1075 rari
399 1036 525 1089 possit
572 1040 732 1089 praeter
773 1039 980 1089 tympana,
1023 1050 1101 1075 non
1145 1039 1284 1075 metuo
1327 1050 1378 1075 ne
1410 1035 1531 1074 nimis
1563 1035 1759 1075 audacter

273 1133 391 1171 agere
423 1117 560 1158 videar
593 1118 625 1158 si
657 1117 724 1158 κοιί
753 1118 845 1158 sede
877 1132 1072 1158 moveam.

337 1200 543 1252 Quoniam
590 1201 714 1241 semel
760 1201 835 1242 hac
876 1201 917 1241 in
961 1216 1001 1241 re
1043 1216 1177 1241 versor
1219 1200 1363 1240 addam
1407 1215 1537 1240 unum
1569 1200 1706 1240 locum
1739 1216 1759 1240 e

273 1317 298 1334 „
319 1285 426 1323 vita
458 1284 825 1325 Demonactis''
855 1283 1095 1338 (XXXVII)
1124 1284 1380 1325 manifestius
1407 1285 1531 1324 etiam
1558 1283 1636 1324 hoc
1654 1284 1759 1324 malo

273 1366 539 1407 laborantem.

333 1449 406 1489 Est
436 1450 457 1503 ᾧ
491 1451 577 1489 2311.
613 1449 740 1490 Ridet
773 1448 984 1489 Demonax
1019 1464 1185 1503 magum
1218 1448 1423 1503 quendam
1448 1449 1692 1503 gloriantem
1719 1464 1759 1489 se

277 1533 462 1573 formulis
495 1533 579 1574 suis
610 1533 775 1586 quidvis
807 1533 883 1573 sibi
915 1548 1058 1587 parare
1092 1548 1221 1588 posse.
1256 1532 1493 1587 Respondet
1526 1532 1760 1573 Demonax:

276 1617 373 1666 „nil
421 1617 593 1668 mirum3
637 1617 738 1670 quin
780 1621 821 1657 et
863 1631 937 1670 ego
977 1617 1081 1657 hanc
1123 1620 1251 1657 artem
1283 1616 1434 1666 calle03
1468 1631 1606 1656 eamus
1639 1615 1759 1656 modo

275 1701 363 1752 πρὸς
396 1701 463 1746 τὴν
496 1700 733 1751 ἀρτόπωλιν;
766 1699 920 1740 videbis
948 1715 1011 1740 me
1039 1713 1204 1753 quoque
1232 1698 1380 1740 habere
1399 1699 1617 1740 formulam
1635 1713 1760 1752 quan-

274 1781 367 1822 dam
416 1787 456 1822 et
503 1797 704 1822 venenum
747 1782 950 1836 magicum
993 1796 1075 1835 quo
1118 1782 1155 1822 ei
1197 1783 1465 1836 persuadeam
1497 1786 1544 1822 ut
1575 1782 1675 1822 mihi
1709 1781 1758 1822 de

274 1866 358 1906 suis
390 1864 564 1919 panibus
595 1865 705 1906 det.’'
738 1865 902 1920 (quibus
932 1880 1015 1907 non
1044 1865 1265 1906 admodum
1292 1865 1518 1906 necessario
1546 1864 1758 1905 adduntur

274 1948 395 1989 verba
422 1949 717 1999 „xlmwo'mvoq
748 1949 790 1990 τὸ
821 1949 996 1999 νόμισμκ
1031 1950 1078 1995 ὡς
1108 1948 1159 1989 ταὶ
1185 1947 1250 1989 ἴσαι
1278 1954 1325 2000 τῇ
1351 1949 1477 2000 ἐπῳδῇ
1496 1948 1756 2002 δυνάμενον”).

276 2031 386 2072 Haec
429 2037 517 2072 tum
562 2033 728 2073 demum
770 2036 864 2086 apte
904 2047 1094 2086 responsa
1135 2036 1258 2073 erunt
1299 2032 1332 2072 si
1373 2032 1661 2086 praecedentia
1700 2032 1757 2072 ita

274 2114 464 2168 legantur
484 2132 490 2155 :

334 2198 478 2247 „eima
510 2197 578 2238 κκὶ
611 2197 744 2247 μάγου
775 2198 872 2244 τινὸς
903 2194 995 2238 εἶναι
1026 2197 1192 2243 εἰπόντος
1223 2196 1291 2238 ux}
1321 2197 1474 2249 ἐπῳδὰς
1505 2196 1608 2249 ἔχειν
1642 2199 1756 2250 ἰσχυ-

273 2281 339 2333 ρέις
373 2282 420 2327 ὡς
455 2281 518 2320 ὑπ’
553 2283 678 2321 αὐτῶν
711 2280 893 2327 ἑέπκικτκς
921 2281 1220 2322 ἀναπείθειν
1248 2282 1498 2333 παρέχειν
1523 2282 1645 2323 ὁπόσαι
1664 2283 1756 2333 βού-

275 2363 426 2404 ).ετοιι.”
459 2364 585 2418 ejecto
618 2364 685 2404 mal
715 2364 825 2417 quod
859 2364 1108 2418 interposuit
1140 2364 1270 2405 scriba
1297 2365 1368 2419 qui
1396 2380 1648 2419 concoquere
1675 2381 1758 2406 non

275 2451 408 2500 posset
439 2446 541 2487 duos
572 2447 794 2487 infinitivos
826 2446 1017 2500 deinceps
1048 2447 1217 2501 scriptos
1249 2448 1334 2488 sine
1367 2448 1668 2502 conjunctione.
