2086 3428
947 324 1000 361 45

307 461 425 500 Alter
468 464 528 499 est
568 461 608 499 in
641 459 839 500 Toxarido
871 461 892 513 ξ
925 461 1013 509 48²¹,
1049 459 1118 499 ubi
1155 460 1301 513 Scytha
1333 460 1429 499 haec
1461 464 1619 499 narrat:
1654 461 1727 509 „si

248 544 339 596 quis
378 543 570 597 injuriam
614 542 662 582 ab
706 543 786 582 alio
828 547 1035 596 acceptam
1076 542 1218 582 ulcisci
1252 542 1361 590 velit,
1397 542 1462 582 sed
1499 557 1590 581 suas
1623 543 1728 582 vires

247 626 342 665 huie
389 626 446 665 rei
494 625 660 665 idoneas
707 640 787 665 non
826 614 913 664 'esse
957 624 1190 679 perspiciat,
1233 624 1375 664 bovem
1423 629 1595 664 mactat:
1640 625 1728 678 ejus

247 723 387 748 carnes
419 708 571 761 coquit,
605 708 644 748 in
679 707 827 762 pellem
862 722 954 747 vero
987 707 1100 746 humi
1134 711 1300 746 stratam
1335 706 1418 760 ipse
1447 706 1622 746 considit
1651 721 1729 746 ma-

248 790 369 831 nibus
403 805 506 845 pone
537 795 702 843 tergum
736 789 908 843 rejectis.
943 788 1158 829 Accedunt
1186 789 1334 829 deinde
1361 789 1522 842 cognati
1552 793 1592 828 et
1610 789 1729 829 amici

249 873 332 926 qui,
366 873 549 913 carnium
582 877 695 926 parte
722 876 897 926 sumpta,
925 872 1067 912 dextro
1095 872 1196 925 pede
1220 871 1262 911 in
1291 871 1441 925 pellem
1459 871 1728 920 inscendunt3

249 961 338 996 tum
381 955 666 1008 unusquisque
710 969 782 1009 pro
825 954 979 994 viribus
1021 954 1254 1007 pollicetur,
1288 954 1304 993 ὁ
1338 954 1408 1002 μὲν
1441 953 1555 993 πέντε
1586 954 1730 1000 ἱππέοις

248 1036 422 1090 παρέξειν
466 1037 620 1083 οέσίτους
666 1037 732 1078 nx)
780 1037 977 1086 οέμίσθους,
1019 1037 1035 1076 ὁ
1078 1036 1117 1076 δὲ
1160 1035 1266 1082 Effusa,
1309 1035 1325 1076 ὃ
1367 1036 1406 1075 δὲ
1443 1035 1608 1081 πλείους,
1642 1036 1658 1075 0‘
1691 1036 1730 1075 δὲ

247 1121 410 1167 ὁπλίταις
452 1120 472 1168 ἢ
516 1120 653 1172 πεζοὺς
695 1121 851 1166 ὁπόσους
893 1119 939 1160 ἂν
978 1118 1146 1165 δύνηται,
1181 1119 1197 1159 o‘
1229 1117 1268 1158 δὲ
1301 1118 1411 1167 μόνον
1443 1118 1576 1158 ἑαυτὸν
1609 1118 1625 1157 ὁ
1659 1133 1727 1157 πε-

250 1203 471 1250 υέστκτος.”
514 1203 592 1245 Cui
637 1202 742 1243 illud
785 1203 839 1252 „0‘
878 1200 1138 1247 πενέστχτος”
1172 1200 1387 1241 molestum
1421 1215 1502 1240 non
1537 1204 1610 1249 est,
1644 1214 1732 1254 pro-

249 1286 354 1327 fecto
401 1301 543 1340 parum
591 1285 658 1326 ille
705 1285 831 1325 sentit
877 1299 1000 1338 quam
1046 1284 1252 1338 eleganter
1299 1282 1508 1323 Lucianus
1556 1282 1730 1323 scribere

253 1370 392 1411 soleat.

308 1453 426 1493 Alter
469 1457 528 1493 est
560 1453 600 1492 in
634 1451 734 1492 Jove
766 1451 975 1505 Tragoedo
1009 1452 1029 1505 ξ
1062 1452 1152 1492 47²¹.
1186 1450 1498 1504 Comparaverat
1530 1448 1730 1488 Tiinocles

253 1536 414 1576 Stoicus
448 1535 648 1575 mundum
682 1549 775 1574 cum
808 1534 912 1584 navi,
945 1533 1079 1574 Deum
1115 1548 1208 1574 cum
1240 1532 1526 1587 gubernatore.
1555 1532 1732 1586 Respon-

252 1618 321 1658 det
363 1618 504 1658 Dainis
545 1618 794 1672 Epicureus:
838 1617 1031 1667 „Verum
1072 1616 1322 1670 gubernator
1354 1616 1422 1656 ille
1454 1621 1553 1656 tuus
1585 1616 1625 1656 in
1659 1630 1732 1655 sua

252 1701 343 1742 navi
375 1701 510 1741 omnia
541 1715 726 1755 perverse
759 1700 973 1754 disposuit,
1008 1700 1063 1739 ita
1098 1703 1146 1739 ut
1172 1699 1293 1739 multi
1321 1699 1407 1753 ejus
1434 1703 1584 1738 nautae
1602 1713 1729 1751 quum

251 1784 387 1838 ignavi
436 1788 476 1824 et
522 1783 690 1824 inutiles
729 1783 811 1823 sint
854 1783 1022 1823 summis
1066 1782 1289 1823 honoribus
1330 1782 1442 1836 digni
1486 1782 1726 1832 habeantur,

250 1866 365 1921 probi
397 1870 537 1907 contra
564 1870 605 1906 et
634 1865 826 1906 industrii
861 1865 1137 1918 despiciantur
1167 1869 1208 1904 et
1242 1864 1534 1904 contumeliose
1562 1868 1733 1904 tracten-

251 1954 321 1990 tur
353 1949 402 1989 ab
438 1950 488 1989 iis
520 1949 591 2002 qui
622 1963 760 1988 revera
790 1953 887 1988 sunt
918 1947 1138 1988 inferiores.
1172 1946 1213 1987 Si
1246 1961 1338 1987 vero
1371 1946 1502 1987 bonus
1534 1945 1733 2000 guberna-

252 2036 315 2072 tor
347 2030 467 2072 rebus
493 2035 709 2086 praeesset,
738 2031 1025 2084 unusquisque
1052 2030 1215 2084 proprio
1242 2044 1314 2070 suo
1333 2030 1461 2070 officio
1479 2029 1731 2084 fungeretur,

253 2115 401 2167 cuique
433 2114 504 2154 ille
535 2114 670 2154 locum
703 2113 936 2167 designaret
968 2128 1039 2167 pro
1072 2113 1239 2162 meritis,
1268 2113 1399 2164 χώραν
1427 2129 1469 2153 τε
1495 2112 1564 2158 τὴν
1589 2112 1733 2162 οὶμείνω

253 2201 333 2242 τοῖς
376 2196 561 2246 ἀμείνοσι,
605 2196 673 2242 τὴν
715 2195 819 2236 κοὲτω
853 2195 892 2236 δὲ
923 2200 1003 2241 τοῖς
1034 2195 1176 2246 χείροσι
1207 2193 1274 2235 ux)
1307 2194 1506 2240 συσσίτους
1539 2193 1639 2234 ἔστιν
1673 2192 1734 2240 οὓς

253 2278 320 2319 ux>
352 2278 598 2328 συμβούλους
631 2278 829 2325 ἑποιήσοιτ’
863 2276 950 2318 0²2st
983 2276 1096 2328 Quid
1123 2281 1227 2317 esset
1251 2277 1461 2331 eleganter
1488 2282 1529 2317 et
1546 2280 1733 2317 accurate

253 2361 425 2401 scribere
456 2362 642 2415 ignotum
676 2361 735 2401 illi
765 2365 851 2401 erat
877 2361 948 2414 qui
974 2360 1129 2415 primus
1156 2359 1397 2400 vocabulum
1425 2360 1602 2409 οέμείυους
1630 2360 1735 2399 inter

253 2443 517 2494 ,,συσσίτους”
551 2448 592 2484 et
625 2442 934 2493 ,,συμβού).ους”
967 2443 1153 2483 inseruit.
1185 2442 1292 2482 Nam
1319 2456 1453 2494 neque
1480 2440 1619 2491 ,,ἕστιν
1647 2439 1734 2486 οὕς”

256 2527 314 2567 ita
345 2526 421 2567 sibi
449 2527 639 2580 junctum
674 2525 824 2566 habere
857 2529 1028 2579 possunt
1058 2524 1303 2579 adjectivum
1333 2524 1531 2574 ἀμείνουςε
1561 2522 1736 2563 debebat

256 2610 397 2650 saltem
441 2613 551 2658 „TcEv
583 2609 825 2659 οὶμεινονων”;
859 2623 992 2662 neque
1023 2608 1163 2648 addito
1198 2607 1438 2657 ,,οέμείνους”
1470 2607 1624 2647 dictum
1660 2606 1736 2645 erit

255 2691 365 2745 quod
409 2693 581 2746 scriptor
625 2691 806 2741 volebat3
848 2706 941 2731 nam
983 2706 1062 2730 non
1106 2691 1136 2730 οἱ
1166 2690 1343 2739 οΞμείυους
1378 2690 1573 2744 praetoris
1604 2688 1737 2742 epulis

255 2774 503 2816 adhibentur
550 2779 591 2815 et
634 2775 675 2815 in
719 2775 806 2828 ejus
847 2773 1014 2814 consilio
1059 2773 1193 2813 sedem
1237 2771 1399 2823 habent,
1446 2771 1516 2811 sed
1559 2785 1665 2811 unus
1696 2775 1737 2809 et
