2086 3428
939 529 1155 566 XXXVIII.

370 660 540 701 Curtius
572 660 706 702 Rufus
739 660 823 711 HI,
859 662 935 701 31:
968 660 1170 702 fibertatis
1202 676 1366 715 quoque
1399 661 1440 716 in
1467 676 1513 701 co
1537 660 1792 702 admonendo

307 759 388 784 non
428 744 532 784 alius
569 745 655 798 jus
698 743 887 784 habebat.
929 743 1169 798 Legendum
1205 748 1286 784 est:
1320 759 1401 784 non
1434 743 1540 784 alius
1571 743 1693 798 plus
1725 742 1794 782 ha—

308 826 441 867 bebat.

968 966 1139 1002 XXXIX.

365 1098 472 1140 Ibid.
519 1101 596 1139 32:
632 1102 719 1139 'tua
766 1099 947 1149 interest,
995 1102 1198 1151 quantum
1246 1098 1288 1137 in
1331 1112 1404 1138 nos
1453 1096 1629 1148 licuerit,
1674 1097 1707 1137 si
1748 1095 1789 1136 id

307 1183 446 1237 potius
487 1183 777 1224 clementia
816 1197 939 1236 quam
972 1182 1206 1222 saevitia
1238 1181 1296 1221 vis
1330 1196 1414 1221 esse
1447 1183 1657 1220 testatum.
1691 1178 1789 1233 ch.

306 1263 648 1305 clementiam
676 1279 796 1318 quam
832 1264 1130 1305 saevitiam.

1014 1402 1091 1439 XL.

366 1538 472 1579 Ibid.
513 1536 588 1579 IV.
624 1539 700 1577 54:
735 1536 864 1577 obteri
899 1536 1134 1577 mehercule
1167 1550 1367 1589 equorum
1404 1535 1572 1589 ungulis
1605 1538 1790 1589 possunt,

308 1620 466 1661 etiamsi
508 1620 566 1660 nil
604 1623 763 1674 praeter
806 1619 973 1659 falcatos
1017 1633 1162 1659 currus
1203 1618 1384 1658 emisero.
1420 1616 1679 1657 Vocabulum
1713 1616 1790 1657 nil

308 1703 552 1757 ejiciendum
586 1706 660 1744 est.

1002 1842 1098 1878 XLI.

364 1979 388 2017 J
395 1977 517 2017 ustin.
547 1976 621 2027 XI,
655 1977 704 2016 4:
737 1975 903 2015 Privata
929 1975 1052 2015 etiam
1080 1989 1213 2028 regem
1235 1973 1526 2028 superstitione
1544 1973 1791 2028 deprecatur

308 2059 437 2113 geniti
474 2058 583 2113 apud
624 2059 731 2113 ipsos
770 2057 977 2107 Herculis,
1018 2056 1127 2097 unde
1160 2057 1358 2111 originem
1391 2070 1488 2109 gens
1520 2054 1790 2096 Aeacidarum

308 2143 457 2192 trahat,
492 2146 754 2195 actaeque
785 2139 934 2180 Thebis
966 2155 988 2179 a
1020 2144 1135 2194 patre
1168 2139 1255 2194 ejus
1279 2138 1474 2193 Philippo
1504 2137 1791 2193 pueritiae.

307 2225 408 2279 Leg.
442 2229 672 2278 actaque
703 2249 762 2254 —
793 2223 1047 2278 pueritia.

996 2365 1114 2400 XLII.

365 2500 451 2544 Ten
483 2499 674 2540 onrechte
707 2499 836 2540 wordt
868 2498 966 2539 door
995 2498 1112 2538 Plato
1136 2498 1178 2537 in
1207 2497 1284 2538 den
1312 2496 1789 2550 Parmenides(160h—

312 2584 427 2637 1660)
458 2584 526 2624 οὐκ
556 2581 636 2623 ἔστι
669 2597 718 2623 en
748 2581 831 2623 ἐστὶ
865 2581 920 2631 μὴ
953 2605 1012 2611 —
1042 2579 1079 2621 ἔν
1112 2579 1234 2634 gelijk
1267 2579 1435 2633 gesteld.
