<?xml version="1.0" encoding="UTF-8"?>
<!DOCTYPE html PUBLIC "-//W3C//DTD XHTML 1.0 Transitional//EN"
    "http://www.w3.org/TR/xhtml1/DTD/xhtml1-transitional.dtd">
<html xmlns="http://www.w3.org/1999/xhtml" xml:lang="en" lang="en">
 <head>
  <title>
</title>
<meta http-equiv="Content-Type" content="text/html;charset=utf-8" />
  <meta name='ocr-system' content='tesseract 3.04.00' />
  <meta name='ocr-capabilities' content='ocr_page ocr_carea ocr_par ocr_line ocrx_word'/>
</head>
<body>
  <div class='ocr_page' id='page_1' title='image "./studiacriticainl00hartuoft_0028.png"; bbox 0 0 2086 3428; ppageno 0'>
   <div class='ocr_carea' id='block_1_1' title="bbox 1069 328 1119 366">
    <p class='ocr_par' dir='ltr' id='par_1_1' title="bbox 1069 328 1119 366">
     <span class='ocr_line' id='line_1_1' title="bbox 1069 328 1119 366; baseline 0 0"><span class='ocrx_word' id='word_1_1' title='bbox 1069 328 1119 366; x_wconf 80' lang='lat'>12</span> 
     </span>
    </p>
   </div>
   <div class='ocr_carea' id='block_1_2' title="bbox 350 623 1845 1261">
    <p class='ocr_par' dir='ltr' id='par_1_2' title="bbox 350 623 1845 1261">
     <span class='ocr_line' id='line_1_2' title="bbox 413 623 1845 684; baseline 0.004 -20"><span class='ocrx_word' id='word_1_2' title='bbox 413 623 587 665; x_wconf 87' lang='lat' dir='ltr'>Luciani</span> <span class='ocrx_word' id='word_1_3' title='bbox 620 625 951 676; x_wconf 83' lang='lat' dir='ltr'>declamationes,</span> <span class='ocrx_word' id='word_1_4' title='bbox 987 642 1088 681; x_wconf 85' lang='lat' dir='ltr'>quas</span> <span class='ocrx_word' id='word_1_5' title='bbox 1114 628 1278 682; x_wconf 84' lang='lat' dir='ltr'>juvenis</span> <span class='ocrx_word' id='word_1_6' title='bbox 1312 643 1500 683; x_wconf 82' lang='lat' dir='ltr'>magnam</span> <span class='ocrx_word' id='word_1_7' title='bbox 1534 633 1689 684; x_wconf 85' lang='lat' dir='ltr'>partem</span> <span class='ocrx_word' id='word_1_8' title='bbox 1725 629 1845 684; x_wconf 88' lang='lat' dir='ltr'>scrip-</span> 
     </span>
     <span class='ocr_line' id='line_1_3' title="bbox 354 706 1845 766; baseline 0.004 -20"><span class='ocrx_word' id='word_1_9' title='bbox 354 706 419 757; x_wconf 82' lang='lat' dir='ltr'>sit,</span> <span class='ocrx_word' id='word_1_10' title='bbox 464 712 580 747; x_wconf 86' lang='lat' dir='ltr'>tanto</span> <span class='ocrx_word' id='word_1_11' title='bbox 617 708 704 762; x_wconf 75' lang='lat' dir='ltr'>ejus</span> <span class='ocrx_word' id='word_1_12' title='bbox 736 708 910 763; x_wconf 79' lang='lat' dir='ltr'>dialogis</span> <span class='ocrx_word' id='word_1_13' title='bbox 943 710 1172 763; x_wconf 85' lang='lat' dir='ltr'>ceterisque</span> <span class='ocrx_word' id='word_1_14' title='bbox 1205 711 1367 765; x_wconf 83' lang='lat' dir='ltr'>satyrici</span> <span class='ocrx_word' id='word_1_15' title='bbox 1399 712 1559 764; x_wconf 82' lang='lat' dir='ltr'>generis</span> <span class='ocrx_word' id='word_1_16' title='bbox 1591 711 1754 766; x_wconf 85' lang='lat' dir='ltr'>scriptis</span> <span class='ocrx_word' id='word_1_17' title='bbox 1787 712 1845 752; x_wconf 91' lang='lat' dir='ltr'>in-</span> 
     </span>
     <span class='ocr_line' id='line_1_4' title="bbox 353 790 1843 849; baseline 0.004 -20"><span class='ocrx_word' id='word_1_18' title='bbox 353 790 517 830; x_wconf 84' lang='lat' dir='ltr'>feriores</span> <span class='ocrx_word' id='word_1_19' title='bbox 561 795 659 831; x_wconf 87' lang='lat' dir='ltr'>sunt</span> <span class='ocrx_word' id='word_1_20' title='bbox 702 796 749 831; x_wconf 87' lang='lat' dir='ltr'>ut</span> <span class='ocrx_word' id='word_1_21' title='bbox 789 792 854 832; x_wconf 75' lang='lat' dir='ltr'>vix</span> <span class='ocrx_word' id='word_1_22' title='bbox 890 807 982 832; x_wconf 81' lang='lat' dir='ltr'>cum</span> <span class='ocrx_word' id='word_1_23' title='bbox 1018 793 1066 833; x_wconf 89' lang='lat' dir='ltr'>iis</span> <span class='ocrx_word' id='word_1_24' title='bbox 1099 794 1257 848; x_wconf 88' lang='lat' dir='ltr'>possint</span> <span class='ocrx_word' id='word_1_25' title='bbox 1291 795 1528 849; x_wconf 75' lang='lat' dir='ltr'>comparari.</span> <span class='ocrx_word' id='word_1_26' title='bbox 1563 795 1680 846; x_wconf 78' lang='lat' dir='ltr'>Quae</span> <span class='ocrx_word' id='word_1_27' title='bbox 1713 810 1843 848; x_wconf 83' lang='lat' dir='ltr'>quum</span> 
     </span>
     <span class='ocr_line' id='line_1_5' title="bbox 354 873 1843 931; baseline 0.004 -19"><span class='ocrx_word' id='word_1_28' title='bbox 354 886 451 925; x_wconf 79' lang='lat' dir='ltr'>ergo</span> <span class='ocrx_word' id='word_1_29' title='bbox 483 888 505 912; x_wconf 85' lang='lat' dir='ltr'>a</span> <span class='ocrx_word' id='word_1_30' title='bbox 537 873 634 914; x_wconf 85' lang='lat' dir='ltr'>viris</span> <span class='ocrx_word' id='word_1_31' title='bbox 665 874 798 915; x_wconf 88' lang='lat' dir='ltr'>doctis</span> <span class='ocrx_word' id='word_1_32' title='bbox 830 874 892 915; x_wconf 87' lang='lat' dir='ltr'>vel</span> <span class='ocrx_word' id='word_1_33' title='bbox 924 876 1090 915; x_wconf 87' lang='lat' dir='ltr'>omnino</span> <span class='ocrx_word' id='word_1_34' title='bbox 1122 876 1332 930; x_wconf 75' lang='lat' dir='ltr'>neglectae</span> <span class='ocrx_word' id='word_1_35' title='bbox 1366 877 1429 916; x_wconf 75' lang='lat' dir='ltr'>vel</span> <span class='ocrx_word' id='word_1_36' title='bbox 1462 892 1722 931; x_wconf 82' lang='lat' dir='ltr'>nequaquam</span> <span class='ocrx_word' id='word_1_37' title='bbox 1755 879 1843 931; x_wconf 85' lang='lat' dir='ltr'>pari</span> 
     </span>
     <span class='ocr_line' id='line_1_6' title="bbox 351 955 1843 1013; baseline 0.004 -19"><span class='ocrx_word' id='word_1_38' title='bbox 351 955 568 1009; x_wconf 79' lang='lat' dir='ltr'>diligentia</span> <span class='ocrx_word' id='word_1_39' title='bbox 615 961 813 998; x_wconf 76' lang='lat' dir='ltr'>tractatae</span> <span class='ocrx_word' id='word_1_40' title='bbox 855 958 950 1007; x_wconf 82' lang='lat' dir='ltr'>sint,</span> <span class='ocrx_word' id='word_1_41' title='bbox 997 958 1092 999; x_wconf 85' lang='lat' dir='ltr'>inde</span> <span class='ocrx_word' id='word_1_42' title='bbox 1137 959 1289 999; x_wconf 82' lang='lat' dir='ltr'>factum</span> <span class='ocrx_word' id='word_1_43' title='bbox 1338 974 1422 1000; x_wconf 86' lang='lat' dir='ltr'>esse</span> <span class='ocrx_word' id='word_1_44' title='bbox 1461 959 1605 1013; x_wconf 87' lang='lat' dir='ltr'>opinor</span> <span class='ocrx_word' id='word_1_45' title='bbox 1638 965 1685 1000; x_wconf 90' lang='lat' dir='ltr'>ut</span> <span class='ocrx_word' id='word_1_46' title='bbox 1718 961 1758 1000; x_wconf 89' lang='lat' dir='ltr'>in</span> <span class='ocrx_word' id='word_1_47' title='bbox 1793 960 1843 1001; x_wconf 89' lang='lat' dir='ltr'>iis</span> 
     </span>
     <span class='ocr_line' id='line_1_7' title="bbox 350 1040 1843 1098; baseline 0.003 -20"><span class='ocrx_word' id='word_1_48' title='bbox 350 1043 511 1092; x_wconf 84' lang='lat' dir='ltr'>praeter</span> <span class='ocrx_word' id='word_1_49' title='bbox 555 1040 684 1080; x_wconf 85' lang='lat' dir='ltr'>multa</span> <span class='ocrx_word' id='word_1_50' title='bbox 726 1040 983 1090; x_wconf 81' lang='lat' dir='ltr'>insanabilia,</span> <span class='ocrx_word' id='word_1_51' title='bbox 1026 1041 1226 1082; x_wconf 85' lang='lat' dir='ltr'>nonnulla</span> <span class='ocrx_word' id='word_1_52' title='bbox 1269 1042 1526 1096; x_wconf 81' lang='lat' dir='ltr'>reperiantur</span> <span class='ocrx_word' id='word_1_53' title='bbox 1560 1043 1617 1082; x_wconf 85' lang='lat' dir='ltr'>ita</span> <span class='ocrx_word' id='word_1_54' title='bbox 1650 1048 1843 1098; x_wconf 84' lang='lat' dir='ltr'>corrupta</span> 
     </span>
     <span class='ocr_line' id='line_1_8' title="bbox 353 1123 1842 1179; baseline 0.004 -18"><span class='ocrx_word' id='word_1_55' title='bbox 353 1125 401 1161; x_wconf 85' lang='lat' dir='ltr'>ut</span> <span class='ocrx_word' id='word_1_56' title='bbox 432 1127 568 1162; x_wconf 79' lang='lat' dir='ltr'>tamen</span> <span class='ocrx_word' id='word_1_57' title='bbox 603 1123 717 1163; x_wconf 88' lang='lat' dir='ltr'>nullo</span> <span class='ocrx_word' id='word_1_58' title='bbox 750 1124 915 1177; x_wconf 79' lang='lat' dir='ltr'>negotio</span> <span class='ocrx_word' id='word_1_59' title='bbox 949 1124 1156 1165; x_wconf 83' lang='lat' dir='ltr'>emendari</span> <span class='ocrx_word' id='word_1_60' title='bbox 1190 1126 1360 1179; x_wconf 82' lang='lat' dir='ltr'>possint.</span> <span class='ocrx_word' id='word_1_61' title='bbox 1396 1125 1518 1177; x_wconf 76' lang='lat' dir='ltr'>Quod</span> <span class='ocrx_word' id='word_1_62' title='bbox 1547 1131 1593 1165; x_wconf 91' lang='lat' dir='ltr'>ut</span> <span class='ocrx_word' id='word_1_63' title='bbox 1620 1126 1842 1167; x_wconf 85' lang='lat' dir='ltr'>lectoribus</span> 
     </span>
     <span class='ocr_line' id='line_1_9' title="bbox 350 1204 1843 1261; baseline 0.004 -17"><span class='ocrx_word' id='word_1_64' title='bbox 350 1204 516 1258; x_wconf 83' lang='lat' dir='ltr'>probem</span> <span class='ocrx_word' id='word_1_65' title='bbox 559 1220 793 1259; x_wconf 84' lang='lat' dir='ltr'>percurram</span> <span class='ocrx_word' id='word_1_66' title='bbox 828 1206 1225 1261; x_wconf 70' lang='lat' dir='ltr'>„⁷l‘y1·annioida1n&#39;&#39;,</span> <span class='ocrx_word' id='word_1_67' title='bbox 1260 1208 1577 1256; x_wconf 77' lang='lat' dir='ltr'>„Abdicatum”</span> <span class='ocrx_word' id='word_1_68' title='bbox 1611 1214 1651 1249; x_wconf 87' lang='lat' dir='ltr'>et</span> <span class='ocrx_word' id='word_1_69' title='bbox 1685 1214 1843 1250; x_wconf 88' lang='lat' dir='ltr'>utrum-</span> 
     </span>
    </p>
   </div>
   <div class='ocr_carea' id='block_1_3' title="bbox 810 1290 819 1305">
    <p class='ocr_par' dir='ltr' id='par_1_3' title="bbox 810 1290 819 1305">
     <span class='ocr_line' id='line_1_10' title="bbox 810 1290 819 1305; baseline 0 0"><span class='ocrx_word' id='word_1_70' title='bbox 810 1290 819 1305; x_wconf 70' lang='lat'><em>³</em></span> 
     </span>
    </p>
   </div>
   <div class='ocr_carea' id='block_1_4' title="bbox 339 1287 1842 2762">
    <p class='ocr_par' dir='ltr' id='par_1_4' title="bbox 351 1287 1842 1592">
     <span class='ocr_line' id='line_1_11' title="bbox 351 1287 1842 1339; baseline 0.004 -13"><span class='ocrx_word' id='word_1_71' title='bbox 351 1301 429 1339; x_wconf 90' lang='lat' dir='ltr'>que</span> <span class='ocrx_word' id='word_1_72' title='bbox 477 1287 805 1336; x_wconf 81' lang='lat' dir='ltr'>„Phala1·idem.&#39;</span> <span class='ocrx_word' id='word_1_73' title='bbox 870 1289 1030 1329; x_wconf 81' lang='lat' dir='ltr'>Addam</span> <span class='ocrx_word' id='word_1_74' title='bbox 1075 1291 1183 1330; x_wconf 85' lang='lat' dir='ltr'>locos</span> <span class='ocrx_word' id='word_1_75' title='bbox 1224 1291 1445 1331; x_wconf 79' lang='lat' dir='ltr'>nonnullos</span> <span class='ocrx_word' id='word_1_76' title='bbox 1491 1307 1511 1331; x_wconf 92' lang='lat' dir='ltr'>e</span> <span class='ocrx_word' id='word_1_77' title='bbox 1544 1292 1842 1333; x_wconf 85' lang='lat' dir='ltr'>declamatione</span> 
     </span>
     <span class='ocr_line' id='line_1_12' title="bbox 352 1369 1842 1425; baseline 0.004 -16"><span class='ocrx_word' id='word_1_78' title='bbox 352 1369 441 1418; x_wconf 83' lang='lat' dir='ltr'>„de</span> <span class='ocrx_word' id='word_1_79' title='bbox 482 1369 665 1421; x_wconf 84' lang='lat' dir='ltr'>Domo”;</span> <span class='ocrx_word' id='word_1_80' title='bbox 698 1387 838 1412; x_wconf 73' lang='lat' dir='ltr'>verum</span> <span class='ocrx_word' id='word_1_81' title='bbox 872 1372 982 1425; x_wconf 87' lang='lat' dir='ltr'>quod</span> <span class='ocrx_word' id='word_1_82' title='bbox 1016 1378 1057 1412; x_wconf 89' lang='lat' dir='ltr'>et</span> <span class='ocrx_word' id='word_1_83' title='bbox 1090 1373 1130 1413; x_wconf 86' lang='lat' dir='ltr'>in</span> <span class='ocrx_word' id='word_1_84' title='bbox 1164 1374 1310 1414; x_wconf 81' lang='lat' dir='ltr'>ceteris</span> <span class='ocrx_word' id='word_1_85' title='bbox 1341 1374 1416 1414; x_wconf 86' lang='lat' dir='ltr'>feci</span> <span class='ocrx_word' id='word_1_86' title='bbox 1446 1390 1492 1414; x_wconf 81' lang='lat' dir='ltr'>ea</span> <span class='ocrx_word' id='word_1_87' title='bbox 1523 1379 1686 1415; x_wconf 87' lang='lat' dir='ltr'>tantum</span> <span class='ocrx_word' id='word_1_88' title='bbox 1720 1376 1842 1416; x_wconf 83' lang='lat' dir='ltr'>attin-</span> 
     </span>
     <span class='ocr_line' id='line_1_13' title="bbox 353 1454 1840 1512; baseline 0.005 -21"><span class='ocrx_word' id='word_1_89' title='bbox 353 1467 443 1506; x_wconf 79' lang='lat' dir='ltr'>gam</span> <span class='ocrx_word' id='word_1_90' title='bbox 487 1468 591 1506; x_wconf 86' lang='lat' dir='ltr'>quae</span> <span class='ocrx_word' id='word_1_91' title='bbox 630 1454 729 1494; x_wconf 86' lang='lat' dir='ltr'>mihi</span> <span class='ocrx_word' id='word_1_92' title='bbox 763 1455 813 1495; x_wconf 82' lang='lat' dir='ltr'>ad</span> <span class='ocrx_word' id='word_1_93' title='bbox 846 1454 1149 1495; x_wconf 85' lang='lat' dir='ltr'>emendandum</span> <span class='ocrx_word' id='word_1_94' title='bbox 1182 1456 1375 1496; x_wconf 86' lang='lat' dir='ltr'>facillima</span> <span class='ocrx_word' id='word_1_95' title='bbox 1407 1456 1620 1497; x_wconf 81' lang='lat' dir='ltr'>videntur:</span> <span class='ocrx_word' id='word_1_96' title='bbox 1655 1457 1840 1512; x_wconf 84' lang='lat' dir='ltr'>graviora</span> 
     </span>
     <span class='ocr_line' id='line_1_14' title="bbox 351 1535 1364 1592; baseline 0.004 -17"><span class='ocrx_word' id='word_1_97' title='bbox 351 1535 521 1575; x_wconf 74' lang='lat' dir='ltr'>vulnera</span> <span class='ocrx_word' id='word_1_98' title='bbox 553 1551 616 1576; x_wconf 87' lang='lat' dir='ltr'>me</span> <span class='ocrx_word' id='word_1_99' title='bbox 649 1536 915 1591; x_wconf 87' lang='lat' dir='ltr'>peritioribus</span> <span class='ocrx_word' id='word_1_100' title='bbox 948 1537 1129 1578; x_wconf 87' lang='lat' dir='ltr'>sananda</span> <span class='ocrx_word' id='word_1_101' title='bbox 1161 1538 1364 1592; x_wconf 88' lang='lat' dir='ltr'>relinquo.</span> 
     </span>
    </p>

    <p class='ocr_par' dir='ltr' id='par_1_5' title="bbox 346 1618 1839 1835">
     <span class='ocr_line' id='line_1_15' title="bbox 406 1618 1839 1675; baseline 0.005 -17"><span class='ocrx_word' id='word_1_102' title='bbox 406 1618 584 1672; x_wconf 70' lang='lat' dir='ltr'>Tyrann.</span> <span class='ocrx_word' id='word_1_103' title='bbox 628 1620 649 1672; x_wconf 55' lang='lat' dir='ltr'>{s</span> <span class='ocrx_word' id='word_1_104' title='bbox 694 1621 758 1660; x_wconf 71' lang='lat' dir='ltr'>la:</span> <span class='ocrx_word' id='word_1_105' title='bbox 803 1619 906 1669; x_wconf 65' lang='lat'><em>„3250</em></span> <span class='ocrx_word' id='word_1_106' title='bbox 948 1620 1146 1672; x_wconf 60' lang='grc' dir='ltr'><em>τυράννους</em></span> <span class='ocrx_word' id='word_1_107' title='bbox 1189 1622 1422 1668; x_wconf 56' lang='lat' dir='ltr'>momeliam</span> <span class='ocrx_word' id='word_1_108' title='bbox 1459 1625 1553 1672; x_wconf 58' lang='grc' dir='ltr'>μιᾱῖς</span> <span class='ocrx_word' id='word_1_109' title='bbox 1586 1623 1743 1675; x_wconf 65' lang='grc' dir='ltr'>ἡμέραις,</span> <span class='ocrx_word' id='word_1_110' title='bbox 1776 1625 1839 1665; x_wconf 69' lang='grc' dir='ltr'>τὸν</span> 
     </span>
     <span class='ocr_line' id='line_1_16' title="bbox 346 1700 1838 1757; baseline 0.005 -16"><span class='ocrx_word' id='word_1_111' title='bbox 346 1700 417 1750; x_wconf 74' lang='grc' dir='ltr'>μὲν</span> <span class='ocrx_word' id='word_1_112' title='bbox 458 1701 527 1748; x_wconf 68' lang='grc' dir='ltr'>ἤδη</span> <span class='ocrx_word' id='word_1_113' title='bbox 561 1702 832 1753; x_wconf 63' lang='grc' dir='ltr'>πκρηβνῑκότκ,</span> <span class='ocrx_word' id='word_1_114' title='bbox 866 1704 928 1744; x_wconf 71' lang='grc' dir='ltr'>τὸν</span> <span class='ocrx_word' id='word_1_115' title='bbox 962 1704 995 1744; x_wconf 78' lang='grc' dir='ltr'>δ’</span> <span class='ocrx_word' id='word_1_116' title='bbox 1029 1703 1265 1755; x_wconf 65' lang='grc' dir='ltr'>οὶκμοέζσντκ</span> <span class='ocrx_word' id='word_1_117' title='bbox 1299 1704 1365 1745; x_wconf 68' lang='lat' dir='ltr'>ux)</span> <span class='ocrx_word' id='word_1_118' title='bbox 1399 1706 1488 1757; x_wconf 74' lang='grc' dir='ltr'>πρὸς</span> <span class='ocrx_word' id='word_1_119' title='bbox 1523 1706 1710 1757; x_wconf 67' lang='grc' dir='ltr'>δικδοχὴν</span> <span class='ocrx_word' id='word_1_120' title='bbox 1744 1707 1838 1748; x_wconf 73' lang='grc' dir='ltr'><em>ἑτοι-</em></span> 
     </span>
     <span class='ocr_line' id='line_1_17' title="bbox 346 1783 673 1835; baseline 0.003 -11"><span class='ocrx_word' id='word_1_121' title='bbox 346 1783 499 1835; x_wconf 71' lang='grc' dir='ltr'><em>μότερον</em></span> <span class='ocrx_word' id='word_1_122' title='bbox 519 1817 554 1824; x_wconf 95' lang='grc'>..</span> <span class='ocrx_word' id='word_1_123' title='bbox 579 1817 673 1825; x_wconf 93' lang='grc'><strong>....</strong></span> 
     </span>
    </p>

    <p class='ocr_par' dir='ltr' id='par_1_6' title="bbox 342 1867 1839 2595">
     <span class='ocr_line' id='line_1_18' title="bbox 402 1867 1839 1927; baseline 0.007 -21"><span class='ocrx_word' id='word_1_124' title='bbox 402 1867 645 1919; x_wconf 71' lang='grc' dir='ltr'>ἑτοιμότερον.</span> <span class='ocrx_word' id='word_1_125' title='bbox 690 1868 812 1920; x_wconf 67' lang='lat' dir='ltr'>Quo?</span> <span class='ocrx_word' id='word_1_126' title='bbox 854 1884 905 1909; x_wconf 84' lang='lat' dir='ltr'>an</span> <span class='ocrx_word' id='word_1_127' title='bbox 948 1875 1063 1924; x_wconf 85' lang='lat' dir='ltr'>patre</span> <span class='ocrx_word' id='word_1_128' title='bbox 1095 1871 1339 1924; x_wconf 83' lang='lat' dir='ltr'>grandaevo,</span> <span class='ocrx_word' id='word_1_129' title='bbox 1374 1872 1611 1927; x_wconf 74' lang='lat' dir='ltr'>decrepito?</span> <span class='ocrx_word' id='word_1_130' title='bbox 1649 1873 1745 1915; x_wconf 81' lang='lat' dir='ltr'>Non</span> <span class='ocrx_word' id='word_1_131' title='bbox 1778 1880 1839 1916; x_wconf 86' lang='lat' dir='ltr'>est</span> 
     </span>
     <span class='ocr_line' id='line_1_19' title="bbox 346 1949 1836 2014; baseline 0.007 -25"><span class='ocrx_word' id='word_1_132' title='bbox 346 1949 420 1990; x_wconf 89' lang='lat' dir='ltr'>hoc</span> <span class='ocrx_word' id='word_1_133' title='bbox 468 1965 676 2004; x_wconf 81' lang='lat' dir='ltr'>magnum,</span> <span class='ocrx_word' id='word_1_134' title='bbox 719 1967 852 2005; x_wconf 84' lang='lat' dir='ltr'>neque</span> <span class='ocrx_word' id='word_1_135' title='bbox 896 1953 946 1993; x_wconf 82' lang='lat' dir='ltr'>ad</span> <span class='ocrx_word' id='word_1_136' title='bbox 990 1969 1077 1993; x_wconf 87' lang='lat' dir='ltr'>eam</span> <span class='ocrx_word' id='word_1_137' title='bbox 1120 1969 1205 1994; x_wconf 88' lang='lat' dir='ltr'>rem</span> <span class='ocrx_word' id='word_1_138' title='bbox 1238 1969 1340 2009; x_wconf 86' lang='lat' dir='ltr'>opus</span> <span class='ocrx_word' id='word_1_139' title='bbox 1372 1961 1431 1996; x_wconf 88' lang='lat' dir='ltr'>est</span> <span class='ocrx_word' id='word_1_140' title='bbox 1464 1957 1625 2011; x_wconf 84' lang='lat' dir='ltr'>ingenti</span> <span class='ocrx_word' id='word_1_141' title='bbox 1657 1960 1836 2014; x_wconf 85' lang='lat' dir='ltr'>corporis</span> 
     </span>
     <span class='ocr_line' id='line_1_20' title="bbox 346 2032 1836 2093; baseline 0.007 -20"><span class='ocrx_word' id='word_1_142' title='bbox 346 2032 501 2074; x_wconf 84' lang='lat' dir='ltr'>robore.</span> <span class='ocrx_word' id='word_1_143' title='bbox 545 2035 635 2086; x_wconf 67' lang='grc' dir='ltr'>πρὸς</span> <span class='ocrx_word' id='word_1_144' title='bbox 677 2036 864 2086; x_wconf 63' lang='grc' dir='ltr'>διχδεχὴν</span> <span class='ocrx_word' id='word_1_145' title='bbox 911 2040 984 2076; x_wconf 75' lang='grc' dir='ltr'>τῶν</span> <span class='ocrx_word' id='word_1_146' title='bbox 1025 2037 1279 2087; x_wconf 56' lang='grc' dir='ltr'>ἀδικημάτων</span> <span class='ocrx_word' id='word_1_147' title='bbox 1327 2039 1567 2092; x_wconf 60' lang='grc' dir='ltr'>ἐντιμότερον.</span> <span class='ocrx_word' id='word_1_148' title='bbox 1619 2042 1742 2093; x_wconf 76' lang='lat' dir='ltr'>Quo?</span> <span class='ocrx_word' id='word_1_149' title='bbox 1784 2057 1836 2083; x_wconf 83' lang='lat' dir='ltr'>an</span> 
     </span>
     <span class='ocr_line' id='line_1_21' title="bbox 344 2117 1836 2175; baseline 0.007 -19"><span class='ocrx_word' id='word_1_150' title='bbox 344 2117 489 2171; x_wconf 73' lang='lat' dir='ltr'>patre?</span> <span class='ocrx_word' id='word_1_151' title='bbox 531 2118 587 2157; x_wconf 84' lang='lat' dir='ltr'>At</span> <span class='ocrx_word' id='word_1_152' title='bbox 629 2118 699 2158; x_wconf 88' lang='lat' dir='ltr'>ille</span> <span class='ocrx_word' id='word_1_153' title='bbox 738 2119 820 2173; x_wconf 78' lang='lat' dir='ltr'>jam</span> <span class='ocrx_word' id='word_1_154' title='bbox 855 2119 1021 2160; x_wconf 80' lang='lat' dir='ltr'>sedebat</span> <span class='ocrx_word' id='word_1_155' title='bbox 1051 2121 1093 2161; x_wconf 88' lang='lat' dir='ltr'>in</span> <span class='ocrx_word' id='word_1_156' title='bbox 1127 2120 1230 2161; x_wconf 85' lang='lat' dir='ltr'>solio</span> <span class='ocrx_word' id='word_1_157' title='bbox 1264 2123 1388 2175; x_wconf 78' lang='lat' dir='ltr'>regio,</span> <span class='ocrx_word' id='word_1_158' title='bbox 1427 2129 1472 2163; x_wconf 89' lang='lat' dir='ltr'>ut</span> <span class='ocrx_word' id='word_1_159' title='bbox 1508 2124 1678 2164; x_wconf 82' lang='lat' dir='ltr'>verbum</span> <span class='ocrx_word' id='word_1_160' title='bbox 1710 2140 1836 2174; x_wconf 86' lang='lat' dir='ltr'>„suc-</span> 
     </span>
     <span class='ocr_line' id='line_1_22' title="bbox 344 2200 1834 2262; baseline 0.007 -22"><span class='ocrx_word' id='word_1_161' title='bbox 344 2200 511 2241; x_wconf 79' lang='lat' dir='ltr'>cedere”</span> <span class='ocrx_word' id='word_1_162' title='bbox 543 2201 584 2241; x_wconf 87' lang='lat' dir='ltr'>in</span> <span class='ocrx_word' id='word_1_163' title='bbox 620 2218 665 2242; x_wconf 92' lang='lat' dir='ltr'>eo</span> <span class='ocrx_word' id='word_1_164' title='bbox 698 2202 863 2243; x_wconf 86' lang='lat' dir='ltr'>omnino</span> <span class='ocrx_word' id='word_1_165' title='bbox 895 2203 1032 2244; x_wconf 80' lang='lat' dir='ltr'>locum</span> <span class='ocrx_word' id='word_1_166' title='bbox 1058 2219 1141 2245; x_wconf 87' lang='lat' dir='ltr'>non</span> <span class='ocrx_word' id='word_1_167' title='bbox 1166 2204 1326 2246; x_wconf 84' lang='lat' dir='ltr'>habeat.</span> <span class='ocrx_word' id='word_1_168' title='bbox 1359 2207 1507 2260; x_wconf 80' lang='lat' dir='ltr'>Neque</span> <span class='ocrx_word' id='word_1_169' title='bbox 1535 2223 1630 2262; x_wconf 79' lang='lat' dir='ltr'>ergo</span> <span class='ocrx_word' id='word_1_170' title='bbox 1657 2209 1768 2251; x_wconf 88' lang='lat' dir='ltr'>filius</span> <span class='ocrx_word' id='word_1_171' title='bbox 1787 2225 1834 2250; x_wconf 92' lang='lat' dir='ltr'>eo</span> 
     </span>
     <span class='ocr_line' id='line_1_23' title="bbox 342 2285 1833 2346; baseline 0.007 -22"><span class='ocrx_word' id='word_1_172' title='bbox 342 2285 574 2336; x_wconf 68' lang='grc' dir='ltr'>ἑτῡιμότερος</span> <span class='ocrx_word' id='word_1_173' title='bbox 611 2286 660 2325; x_wconf 78' lang='lat' dir='ltr'>ad</span> <span class='ocrx_word' id='word_1_174' title='bbox 693 2286 996 2327; x_wconf 85' lang='lat' dir='ltr'>succedendum</span> <span class='ocrx_word' id='word_1_175' title='bbox 1030 2287 1109 2328; x_wconf 85' lang='lat' dir='ltr'>dici</span> <span class='ocrx_word' id='word_1_176' title='bbox 1142 2293 1289 2342; x_wconf 83' lang='lat' dir='ltr'>potest.</span> <span class='ocrx_word' id='word_1_177' title='bbox 1324 2290 1418 2330; x_wconf 85' lang='lat' dir='ltr'>Sine</span> <span class='ocrx_word' id='word_1_178' title='bbox 1451 2290 1576 2332; x_wconf 84' lang='lat' dir='ltr'>dubio</span> <span class='ocrx_word' id='word_1_179' title='bbox 1611 2292 1833 2346; x_wconf 83' lang='lat' dir='ltr'>legendum</span> 
     </span>
     <span class='ocr_line' id='line_1_24' title="bbox 342 2367 1833 2426; baseline 0.007 -19"><span class='ocrx_word' id='word_1_180' title='bbox 342 2372 402 2407; x_wconf 83' lang='lat' dir='ltr'>est</span> <span class='ocrx_word' id='word_1_181' title='bbox 442 2367 700 2417; x_wconf 68' lang='grc' dir='ltr'>ἑτοιμότκτσν.</span> <span class='ocrx_word' id='word_1_182' title='bbox 750 2368 917 2423; x_wconf 87' lang='lat' dir='ltr'>Optime</span> <span class='ocrx_word' id='word_1_183' title='bbox 953 2370 1193 2424; x_wconf 81' lang='lat' dir='ltr'>junguntur</span> <span class='ocrx_word' id='word_1_184' title='bbox 1233 2371 1468 2423; x_wconf 62' lang='grc' dir='ltr'>οὶκμοέζσντκ</span> <span class='ocrx_word' id='word_1_185' title='bbox 1509 2374 1572 2414; x_wconf 73' lang='lat' dir='ltr'>ux&gt;</span> <span class='ocrx_word' id='word_1_186' title='bbox 1618 2376 1707 2426; x_wconf 75' lang='grc' dir='ltr'>πρὸς</span> <span class='ocrx_word' id='word_1_187' title='bbox 1750 2376 1833 2416; x_wconf 69' lang='grc' dir='ltr'>δικ-</span> 
     </span>
     <span class='ocr_line' id='line_1_25' title="bbox 343 2450 1835 2513; baseline 0.007 -24"><span class='ocrx_word' id='word_1_188' title='bbox 343 2450 463 2500; x_wconf 65' lang='grc' dir='ltr'><em>δεχὴν</em></span> <span class='ocrx_word' id='word_1_189' title='bbox 504 2451 761 2499; x_wconf 69' lang='grc' dir='ltr'>ἑτειμότκτεν.</span> <span class='ocrx_word' id='word_1_190' title='bbox 804 2452 864 2492; x_wconf 85' lang='grc' dir='ltr'>ΕΟ</span> <span class='ocrx_word' id='word_1_191' title='bbox 904 2454 1050 2493; x_wconf 83' lang='lat' dir='ltr'>aetatis</span> <span class='ocrx_word' id='word_1_192' title='bbox 1094 2453 1190 2494; x_wconf 87' lang='lat' dir='ltr'>flore</span> <span class='ocrx_word' id='word_1_193' title='bbox 1235 2460 1321 2494; x_wconf 79' lang='lat' dir='ltr'>erat</span> <span class='ocrx_word' id='word_1_194' title='bbox 1350 2457 1513 2509; x_wconf 65' lang='lat' dir='ltr'>tyranni</span> <span class='ocrx_word' id='word_1_195' title='bbox 1546 2457 1656 2499; x_wconf 87' lang='lat' dir='ltr'>filius</span> <span class='ocrx_word' id='word_1_196' title='bbox 1689 2463 1735 2498; x_wconf 89' lang='lat' dir='ltr'>ut</span> <span class='ocrx_word' id='word_1_197' title='bbox 1768 2474 1835 2513; x_wconf 92' lang='lat' dir='ltr'>op-</span> 
     </span>
     <span class='ocr_line' id='line_1_26' title="bbox 342 2534 1510 2595; baseline 0.008 -23"><span class='ocrx_word' id='word_1_198' title='bbox 342 2534 439 2573; x_wconf 84' lang='lat' dir='ltr'>time</span> <span class='ocrx_word' id='word_1_199' title='bbox 473 2535 579 2587; x_wconf 76' lang='lat' dir='ltr'>patri</span> <span class='ocrx_word' id='word_1_200' title='bbox 612 2535 644 2575; x_wconf 89' lang='lat' dir='ltr'>si</span> <span class='ocrx_word' id='word_1_201' title='bbox 677 2534 777 2588; x_wconf 85' lang='lat' dir='ltr'>quid</span> <span class='ocrx_word' id='word_1_202' title='bbox 810 2536 845 2575; x_wconf 90' lang='lat' dir='ltr'>ei</span> <span class='ocrx_word' id='word_1_203' title='bbox 879 2536 1082 2577; x_wconf 85' lang='lat' dir='ltr'>accideret</span> <span class='ocrx_word' id='word_1_204' title='bbox 1116 2539 1331 2580; x_wconf 85' lang='lat' dir='ltr'>succedere</span> <span class='ocrx_word' id='word_1_205' title='bbox 1364 2546 1510 2595; x_wconf 78' lang='lat' dir='ltr'>posset.</span> 
     </span>
    </p>

    <p class='ocr_par' dir='ltr' id='par_1_7' title="bbox 339 2617 1833 2762">
     <span class='ocr_line' id='line_1_27' title="bbox 400 2617 1831 2680; baseline 0.006 -23"><span class='ocrx_word' id='word_1_206' title='bbox 400 2617 607 2658; x_wconf 74' lang='lat' dir='ltr'>Admonet</span> <span class='ocrx_word' id='word_1_207' title='bbox 651 2634 713 2659; x_wconf 85' lang='lat' dir='ltr'>me</span> <span class='ocrx_word' id='word_1_208' title='bbox 757 2620 821 2660; x_wconf 87' lang='lat' dir='ltr'>hic</span> <span class='ocrx_word' id='word_1_209' title='bbox 855 2620 1081 2661; x_wconf 73' lang='lat' dir='ltr'>scribarum</span> <span class='ocrx_word' id='word_1_210' title='bbox 1115 2637 1224 2662; x_wconf 87' lang='lat' dir='ltr'>error</span> <span class='ocrx_word' id='word_1_211' title='bbox 1258 2623 1335 2663; x_wconf 85' lang='lat' dir='ltr'>loci</span> <span class='ocrx_word' id='word_1_212' title='bbox 1370 2623 1443 2663; x_wconf 89' lang='lat' dir='ltr'>ubi</span> <span class='ocrx_word' id='word_1_213' title='bbox 1476 2639 1548 2679; x_wconf 87' lang='lat' dir='ltr'>pro</span> <span class='ocrx_word' id='word_1_214' title='bbox 1581 2626 1831 2680; x_wconf 78' lang='lat' dir='ltr'>superlativo</span> 
     </span>
     <span class='ocr_line' id='line_1_28' title="bbox 339 2701 1833 2762; baseline 0.007 -22"><span class='ocrx_word' id='word_1_215' title='bbox 339 2701 538 2755; x_wconf 85' lang='lat' dir='ltr'>positivus</span> <span class='ocrx_word' id='word_1_216' title='bbox 576 2702 742 2756; x_wconf 80' lang='lat' dir='ltr'>legitur.</span> <span class='ocrx_word' id='word_1_217' title='bbox 790 2703 839 2744; x_wconf 83' lang='lat' dir='ltr'>In</span> <span class='ocrx_word' id='word_1_218' title='bbox 885 2719 995 2758; x_wconf 87' lang='lat' dir='ltr'>„pro</span> <span class='ocrx_word' id='word_1_219' title='bbox 1039 2705 1322 2759; x_wconf 81' lang='lat' dir='ltr'>Imaginibus”</span> <span class='ocrx_word' id='word_1_220' title='bbox 1368 2707 1474 2762; x_wconf 81' lang='lat' dir='ltr'><strong>(XL)</strong></span> <span class='ocrx_word' id='word_1_221' title='bbox 1519 2709 1671 2762; x_wconf 47' lang='lat' dir='ltr'>§20ae</span> <span class='ocrx_word' id='word_1_222' title='bbox 1718 2708 1833 2750; x_wconf 74' lang='grc' dir='ltr'><em>ἵππον</em></span> 
     </span>
    </p>
   </div>
   <div class='ocr_carea' id='block_1_5' title="bbox 341 2783 1335 2841">
    <p class='ocr_par' dir='ltr' id='par_1_8' title="bbox 341 2783 1335 2841">
     <span class='ocr_line' id='line_1_29' title="bbox 341 2783 1335 2841; baseline 0.007 -18"><span class='ocrx_word' id='word_1_223' title='bbox 341 2783 455 2835; x_wconf 74' lang='grc' dir='ltr'><em>φύσει</em></span> <span class='ocrx_word' id='word_1_224' title='bbox 489 2788 632 2836; x_wconf 69' lang='grc' dir='ltr'><em>κοῦφον</em></span> <span class='ocrx_word' id='word_1_225' title='bbox 665 2783 710 2825; x_wconf 73' lang='grc' dir='ltr'>ὧν</span> <span class='ocrx_word' id='word_1_226' title='bbox 743 2785 853 2835; x_wconf 75' lang='grc' dir='ltr'><em>ἴσμεν</em></span> <span class='ocrx_word' id='word_1_227' title='bbox 885 2786 987 2838; x_wconf 75' lang='grc' dir='ltr'><em>ζῴων</em></span> <span class='ocrx_word' id='word_1_228' title='bbox 1019 2788 1046 2828; x_wconf 87' lang='grc'>1.</span> <span class='ocrx_word' id='word_1_229' title='bbox 1082 2790 1335 2841; x_wconf 59' lang='grc' dir='ltr'><em>κουφότατον.</em></span> 
     </span>
    </p>
   </div>
  </div>
 </body>
</html>
