2086 3428
1080 354 1144 375 vni

423 452 544 482 lterum
581 452 759 492 iterumque
796 457 865 482 toto
903 453 1044 483 Luciauo
1077 454 1219 494 perlecto
1255 465 1288 485 ex
1327 455 1469 485 editione
1498 456 1720 486 Dindorfi
1737 456 1761 493 i,
1786 467 1865 497 quae

375 521 491 562 prodiit
520 521 659 562 Lipsiae,
685 532 922 562 nonnumquam
953 521 995 551 ita
1023 533 1120 552 unum
1150 522 1350 563 alterumque
1376 523 1478 554 locum
1503 524 1661 561 cori-iecre
1679 524 1818 563 contigit
1834 528 1866 554 ut

371 589 449 619 satis
486 588 564 619 milii
601 589 770 630 placerem.
809 589 965 620 Adhibita
1001 590 1114 620 deinde
1153 592 1175 621 F
1194 603 1207 622 r
1224 591 1230 621 i
1247 595 1259 621 t
1279 602 1292 620 s
1309 602 1323 621 c
1339 591 1357 622 li
1376 592 1407 622 ii
1441 592 1593 630 editione,
1624 592 1768 623 videbam
1801 603 1865 623 non

370 667 501 697 parvum
528 657 786 688 emendationum
813 669 980 689 numerum
1006 659 1044 689 ab
1069 659 1144 689 aliis
1170 659 1251 690 mihi
1278 671 1343 690 esse
1370 665 1582 702 praereptum.
1606 661 1696 702 Quod
1715 667 1747 691 ut
1767 661 1863 692 initio

370 724 448 754 satis
472 724 644 755 molestum
670 736 735 755 esse
763 725 845 756 solet
871 726 922 756 illi
950 726 1001 767 qui
1031 727 1091 757 sibi
1119 727 1238 758 librum
1266 728 1403 759 scribere
1430 729 1608 770 proposuit,
1629 729 1673 760 ita
1698 729 1777 760 mihi
1798 740 1862 760 ῐιοιι

372 792 578 823 mediocriter
614 792 686 824 iude
717 794 844 824 animus
869 795 969 825 crevit
996 806 1093 836 quum
1120 796 1260 826 viderem
1286 797 1412 838 saepius
1439 797 1519 827 mihi
1545 808 1616 828 cum
1641 798 1861 829 celeberrimis

370 861 449 891 viris
480 861 661 892 convenire.
694 863 792 893 Laeta
823 874 897 903 ergo
930 875 984 905 spe
1011 864 1047 893 de
1074 875 1156 895 novo
1182 876 1232 895 me
1257 865 1295 895 ad
1322 865 1492 906 repetitam
1520 866 1692 897 lectionem
1718 867 1861 905 accinge-

370 928 453 965 bam,
485 932 516 958 et
550 928 594 959 ita
624 929 703 959 mihi
730 929 762 960 in
787 930 871 961 diem
899 931 1001 971 major
1028 933 1243 963 succrescebat
1269 934 1519 964 annotationum
1545 934 1647 976 copia,
1673 946 1749 975 quas
1775 946 1859 965 nune

370 995 455 1032 Tibi,
480 996 613 1026 candide
643 997 753 1034 lector,
779 999 888 1035 offero,
914 999 1120 1040 χκριζόμενσς
1145 1002 1325 1037 πκρεόντων.
1353 1001 1401 1031 Τιι
1428 1002 1580 1033 benevole
1609 1003 1747 1043 accipias
1773 1014 1859 1044 rogo.

420 1065 552 1095 Praeter
583 1065 750 1095 (¹obeti
775 1066 1033 1097 Lectiones
1062 1072 1090 1097 et
1119 1067 1354 1108 Madvigii
1381 1069 1671 1100 Adversaria
1695 1081 1768 1101 usus
1792 1082 1861 1101 sum

368 1126 895 1165 collatione’codicum
940 1135 1308 1173 Marciauorum‚
1353 1148 1447 1178 quam
1490 1138 1613 1169 curavit
1653 1139 1864 1169 Summer-

372 1203 390 1233 b
406 1214 449 1233 ro
463 1203 481 1232 d
496 1206 517 1233 t.
552 1203 701 1234 Aliorum
728 1204 868 1235 virorum
895 1191 1063 1236 doctorum*
1090 1206 1219 1236 inventa
1246 1218 1261 1235 e
1288 1207 1352 1236 sola
1381 1208 1404 1237 ’κ’
1421 1218 1434 1237 r
1449 1207 1455 1237 i
1473 1214 1484 1238 t
1499 1219 1511 1237 s
1526 1219 1540 1237 c
1555 1207 1574 1238 h
1590 1208 1599 1238 i
1617 1208 1624 1238 i
1652 1207 1863 1238 annotatione

371 1271 484 1301 critica
520 1276 597 1302 nota
632 1273 711 1303 mihi
749 1278 857 1310 erant;
887 1274 987 1315 ipsius
1020 1275 1082 1305 viri
1110 1275 1280 1306 clarissimi
1310 1276 1338 1316 Q
1354 1287 1370 1305 u
1387 1288 1402 1305 a
1418 1288 1432 1305 e
1449 1277 1605 1307 stione
1621 1288 1633 1307 s
1661 1280 1692 1307 ct
1718 1277 1743 1307 Ε
1758 1287 1817 1307 me
1833 1288 1864 1307 u-

371 1339 388 1369 d
404 1351 417 1369 a
434 1343 443 1370 t
463 1340 501 1369 io
516 1352 534 1370 n
550 1352 565 1370 e
580 1352 592 1370 s
629 1341 714 1371 Luc
730 1341 736 1371 i
753 1353 832 1372 ane
847 1354 863 1371 a
878 1354 890 1371 s
923 1343 1024 1372 serius
1049 1343 1173 1373 denium
1203 1343 1282 1373 mihi
1309 1355 1493 1385 comparare
1520 1345 1620 1385 potui.
1650 1345 1741 1375 Unde
1769 1345 1863 1375 facile

373 1408 439 1438 lieri
466 1409 571 1449 potuit
598 1414 631 1439 ut
660 1410 761 1440 inulta
789 1410 818 1440 iu
846 1410 950 1440 lucem
978 1411 1131 1441 ediderim
1160 1422 1237 1452 quae
1260 1412 1326 1451 jam
1345 1412 1401 1442 alii
1424 1418 1641 1453 reppererunt.
1661 1413 1753 1454 Quod
1767 1424 1860 1444 nemo

372 1481 491 1513 tamen,
528 1481 561 1507 ut
600 1488 702 1518 spero,
738 1478 819 1508 mihi
856 1479 936 1508 vitio
974 1478 1079 1515 dabit3
1118 1490 1181 1509 non
1214 1480 1298 1510 enim
1334 1480 1427 1510 sat-{le
1461 1485 1688 1521 comparantur
1714 1481 1863 1512 brexiora

371 1546 488 1586 scripta
526 1557 603 1585 quae
637 1551 710 1576 aute
748 1547 876 1583 longius
914 1558 1071 1578 annorum
1099 1549 1239 1589 spatium
1267 1549 1465 1589 prodierunt,
1492 1550 1685 1580 difficillime
1712 1561 1783 1581 vero
1811 1550 1861 1581 illi

367 1614 473 1644 libelli
511 1615 562 1654 qui
602 1615 699 1645 etiam
736 1616 913 1646 recentiore
949 1621 1093 1658 tempore
1124 1629 1141 1647 a
1169 1618 1247 1648 viris
1271 1618 1375 1648 doctis
1401 1618 1432 1648 iu
1460 1619 1633 1649 Germania
1657 1619 1729 1649 addi
1755 1620 1861 1650 solent

367 1683 534 1714 ordinibus
570 1684 760 1714 Lectionum
799 1685 1073 1723 Academicarum,
1109 1690 1139 1716 et
1166 1687 1414 1727 Gyiuuasiornm
1440 1688 1697 1728 prozrannnatis.
1728 1689 1798 1729 Qua
1825 1688 1862 1718 de

367 1764 397 1783 re
434 1753 483 1782 vel
521 1753 717 1793 Bibliopolis
754 1754 964 1784 Leidensibus
1000 1754 1223 1785 testimonium
1257 1755 1451 1786 (lenunciaro
1486 1767 1617 1797 possein.
1646 1756 1731 1797 Quin
1762 1757 1859 1787 ctiam

369 1822 502 1852 fortasse
536 1822 566 1851 id
601 1822 679 1852 mihi
710 1823 827 1853 accidit
853 1827 886 1853 ut
911 1834 1007 1853 unam
1033 1824 1230 1864 alteramque
1257 1824 1488 1855 correctionem
1514 1836 1725 1866 proponerem
1751 1826 1817 1865 jam
1846 1838 1863 1856 a

370 1889 512 1919 Cobet
529 1902 546 1919 o
581 1890 629 1920 vel
656 1891 687 1919 M
705 1890 783 1920 adv
800 1891 806 1920 i
824 1901 841 1927 μ’
856 1891 865 1920 i
882 1903 898 1921 o
924 1896 1120 1932 occupatam.
1149 1892 1324 1932 I'triusque
1350 1893 1433 1923 enirn
1462 1894 1522 1924 viri
1549 1894 1723 1924 clarissimi
1750 1894 1862 1928 libros,

366 1959 466 1989 lectos
498 1958 565 1998 jam
600 1959 701 1989 multo
736 1964 838 1995 aun-a,
868 1959 984 1990 iterum
1010 1960 1136 1990 demum
1163 1961 1286 1991 contuli
1314 1973 1409 2001 quum
1436 1963 1603 1993 materiem
1629 1973 1731 1993 meam
1756 1961 1861 2003 dispo-

368 2039 486 2058 nerem⁴
521 2028 594 2058 Jam
628 2029 691 2058 sere
726 2032 794 2058 tota
820 2028 1047 2059 dissertatione
1073 2029 1159 2070 typis
1185 2030 1347 2070 impressa,
1374 2032 1507 2061 affertur
1534 2031 1612 2061 mihi
1640 2031 1773 2061 libellus
1799 2031 1859 2061 viri

365 2097 537 2127 clarissimi
578 2108 625 2126 va
640 2108 657 2127 u
696 2097 725 2127 H
741 2109 756 2127 e
772 2108 784 2127 r
801 2109 825 2126 u·
841 2109 855 2127 e
872 2109 885 2128 r
898 2097 916 2127 d
929 2109 943 2127 e
959 2109 998 2128 n:
1037 2123 1052 2134 „
1066 2099 1090 2128 P
1106 2099 1114 2128 l
1133 2109 1150 2128 u
1165 2104 1177 2129 t
1193 2110 1209 2128 a
1225 2110 1237 2129 r
1252 2111 1266 2128 c
1281 2099 1300 2129 h
1316 2111 1330 2129 e
1346 2112 1360 2129 a
1396 2105 1435 2130 et
1464 2101 1487 2130 L
1503 2112 1520 2130 u
1535 2112 1549 2129 c
1565 2100 1572 2130 i
1588 2112 1605 2130 a
1619 2111 1638 2131 n
1653 2112 1668 2129 e
1682 2101 1730 2130 a.''
1756 2100 1858 2141 Quem

367 2177 423 2206 ego
459 2177 555 2206 quum
593 2166 710 2206 raptim
749 2170 778 2195 et
814 2170 939 2197 tantum
968 2178 1029 2197 nou
1056 2171 1144 2197 stans
1169 2168 1245 2208 pede
1272 2168 1301 2198 iu
1329 2180 1390 2198 uno
1416 2169 1620 2210 inspexerim,
1646 2169 1768 2199 duobus
1795 2173 1862 2199 tau-

367 2239 434 2264 tum
461 2234 540 2264 locis
565 2234 598 2265 in
623 2238 764 2265 extrema
788 2240 878 2275 parte
902 2235 1009 2265 libelli
1035 2236 1097 2266 mei
1124 2236 1191 2276 ejus
1217 2237 1375 2267 rationem
1400 2237 1512 2267 ducere
1542 2237 1642 2277 potui.

412 2343 529 2373 Verum
564 2354 627 2373 non
664 2347 791 2374 tantum
829 2348 862 2373 ut
899 2343 1078 2374 studiorum
1119 2356 1263 2374 meorum
1303 2344 1466 2375 redderem
1499 2345 1669 2382 rationem,
1695 2345 1860 2386 praefandi

367 2412 565 2442 occasionem
603 2412 735 2453 arripui.
774 2412 861 2442 lllud
899 2413 984 2443 enim
1010 2413 1089 2443 mihi
1119 2413 1277 2443 incumbit
1304 2414 1453 2450 officium,
1482 2424 1542 2454 quo
1568 2414 1682 2453 fungar
1708 2413 1863 2444 lubentis-

365 2480 454 2517 simo,
501 2486 533 2510 ut
578 2481 700 2520 gratias
743 2491 834 2521 agam
879 2481 958 2518 illis,
1000 2481 1052 2521 qui
1090 2492 1146 2522 per
1184 2481 1323 2512 stadium
1363 2481 1591 2512 Academicum
1627 2482 1663 2511 de
1700 2493 1749 2512 me
1784 2482 1863 2513 bene

366 2552 562 2578 meruerunt·
588 2548 629 2578 Et
655 2549 800 2589 profecto
828 2560 890 2579 non
918 2560 1015 2589 parva
1040 2561 1074 2579 ea
1102 2553 1185 2586 sunt,
1211 2561 1356 2590 quorum,
1384 2550 1483 2579 vitam
1507 2561 1599 2590 quam
1625 2550 1786 2580 studiosus
1811 2551 1860 2591 egi

367 2628 463 2657 quum
500 2617 680 2657 respiciam,
718 2620 826 2655 gratus
866 2618 1032 2654 recordor3
1070 2621 1165 2658 utque
1202 2618 1239 2648 ab
1265 2618 1352 2648 omni
1376 2617 1534 2657 jactantia
1559 2629 1628 2648 suni
1654 2618 1792 2655 alienus,
1818 2619 1866 2649 ita

369 2684 428 2715 hoc
465 2689 573 2716 tamen
611 2697 783 2726 numquam
809 2687 876 2716 sine
903 2687 1007 2727 gloria
1032 2686 1164 2727 quadani
1193 2687 1374 2728 proloquar,
1406 2687 1647 2717 illustrissimae
1673 2687 1862 2718 Academiae

372 2753 539 2784 Leidensis
563 2765 612 2784 me
640 2755 736 2785 t'uisse
762 2755 938 2788 alumnum.

415 2823 516 2863 Quem
553 2834 627 2863 ergo
662 2834 719 2863 ego
756 2824 931 2863 gratiarum
965 2825 1091 2854 actione
1123 2824 1230 2854 adeam
1256 2828 1329 2855 aute
1356 2824 1429 2861 Vos,
1456 2825 1628 2855 clarissimi
1656 2824 1711 2855 Co
1728 2825 1804 2855 bet
1830 2828 1862 2854 et
