2086 3428
994 336 1044 373 55

271 488 364 513 cum
411 471 587 522 „naves”
639 472 849 526 conjungi.
898 471 1138 525 Legendum
1182 471 1355 511 arbitror
1394 471 1626 523 ,,κο’ρ.κκες.”
1670 472 1759 513 Hoc

271 557 379 596 enim
430 555 612 595 convicio
658 555 701 594 in
748 554 847 594 istos
890 554 1076 594 homines
1115 558 1295 594 utuntur
1337 555 1409 607 qui
1452 559 1551 594 sunt
1590 554 1686 594 irati
1719 560 1760 595 et

270 638 405 679 animo
447 637 667 678 concitato.
719 636 779 677 Cf.
823 636 981 677 Timon.
1024 638 1045 691 ξ
1088 637 1184 676 43ἱῑε
1225 636 1278 677 τοὶ
1315 635 1424 677 ἄλλοι
1456 636 1621 689 κοράκων
1654 636 1758 678 οὐδὲν

271 719 537 772 διαφέροντας,
572 724 613 760 et
645 721 665 774 ξ
700 722 766 760 Sss:
800 718 837 765 ὃς
870 721 909 760 οὐ
942 720 1053 760 συνίει
1084 718 1210 771 κόρκὲἷι
1243 719 1307 760 nx)
1334 719 1461 765 λύκοις
1488 719 1755 771 χκριζόμενος.

330 804 351 857 ζ»
398 804 494 843 23³:
542 801 632 843 ἔτκν
676 803 749 854 γὰρ
792 804 918 843 αὐτῶν
957 802 1026 849 τὴν
1068 802 1278 854 περιουσίαν
1322 801 1562 852 θοευμοὲσωσι,
1597 802 1664 843 καὶ
1697 804 1760 844 τὸν

269 886 410 937 χρυσὸν
442 885 677 932 ἐπαινέσωσι,
712 885 777 926 ux}
811 885 897 931 τοὺς
928 887 1108 931 πυλῶνκς
1135 884 1241 926 ἕωθεν
1268 885 1511 935 ἕμπλήσωσι,
1539 884 1606 926 nx}
1624 895 1758 937 προελ-

272 968 395 1014 θόντες
422 967 539 1015 ὥςπερ
566 968 762 1013 δεσπόταις
791 968 1026 1019 προςείπωσι,
1054 968 1094 1008 τί
1117 967 1184 1008 nx}
1213 968 1409 1020 φρονήσειν
1437 969 1500 1022 (an
1528 970 1761 1021 φρονῆσκιῖ)

271 1051 409 1097 αὐτοὺς
441 1051 534 1097 εἰκός
561 1051 684 1098 ἐστιν;
716 1049 794 1090 Pro
822 1050 1061 1102 προελθόντες
1088 1050 1300 1091 Bekkerus
1318 1054 1358 1090 et
1376 1051 1604 1091 Fritschius
1623 1060 1757 1102 προελ-

271 1132 414 1179 θόντκς.
451 1133 713 1186 Quamquam
739 1148 864 1187 paene
893 1133 1005 1173 nefas
1036 1132 1212 1173 arbitror
1240 1132 1428 1173 dubitare
1446 1133 1546 1186 quin
1564 1137 1672 1173 recte
1692 1133 1757 1172 illi

273 1216 423 1256 summi
453 1215 528 1256 viri
559 1215 752 1267 viderint,
785 1220 924 1256 tamen
957 1216 1052 1269 quia
1086 1216 1186 1256 alios
1220 1211 1334 1256 aliud
1366 1215 1467 1269 quid
1496 1216 1601 1257 velle
1630 1216 1760 1266 video,

276 1299 476 1352 quaedam
517 1298 746 1339 adscribere
789 1298 918 1340 lubet.
953 1298 1120 1339 Summo
1153 1314 1269 1339 mane
1301 1300 1351 1340 ad
1383 1303 1602 1354 patronum
1636 1314 1757 1340 suum

278 1382 505 1423 salutatum
547 1383 794 1423 conveniunt
830 1382 999 1423 clientes
1031 1397 1335 1436 pauperesque3
1368 1397 1461 1422 nam
1497 1383 1691 1436 quoniam
1723 1383 1764 1423 id

281 1464 486 1518 agendum
530 1470 592 1505 est
635 1469 683 1504 ut
724 1465 774 1504 ad
817 1464 960 1518 epulas
992 1464 1219 1505 invitentur
1251 1480 1324 1519 pro
1357 1480 1397 1505 se
1429 1465 1602 1518 quisque
1636 1469 1764 1505 certat

275 1550 322 1587 ut
363 1547 596 1601 proximum
633 1547 783 1601 januae
824 1547 961 1587 locum
1003 1552 1196 1602 occupet3
1230 1547 1351 1588 multi
1386 1548 1526 1601 itaque
1554 1548 1636 1602 jam
1671 1552 1766 1588 ante

278 1629 512 1670 diluculum
558 1629 721 1670 adsunt.
771 1629 976 1671 Patronus
1017 1634 1153 1670 tamen
1198 1631 1258 1670 vir
1300 1630 1499 1684 superbus
1534 1630 1764 1685 opibusque

280 1713 414 1753 elatus
447 1728 541 1767 prae
572 1713 680 1753 fastu
715 1717 1035 1767 contemptuque
1069 1713 1226 1754 diutius
1257 1714 1380 1754 etiam
1413 1729 1536 1767 quam
1571 1729 1674 1768 opus
1704 1718 1764 1754 est

276 1797 320 1836 in
353 1794 546 1836 cubiculo
585 1810 658 1836 suo
690 1800 887 1847 remanet,
922 1810 1050 1849 quum
1085 1796 1153 1836 isti
1186 1796 1371 1836 homines
1398 1796 1535 1840 miseri
1562 1795 1636 1836 sub
1663 1796 1764 1836 Jove

280 1879 426 1933 frigido
458 1884 675 1933 expectent
706 1884 746 1919 et
773 1879 1067 1920 contumeliose
1095 1894 1117 1919 a
1144 1878 1431 1934 petulantibus
1449 1879 1572 1919 servis
1589 1878 1762 1919 habean-

276 1966 357 2002 tur.
397 1961 579 2002 Tandem
621 1961 842 2015 aliquando
884 1961 968 2001 Rex
1010 1961 1082 2014 (sic
1114 1962 1222 2002 enim
1256 1977 1305 2002 ex
1337 1961 1496 2016 abjecta
1529 1961 1767 2002 adulatione

277 2049 469 2099 patronos
502 2049 543 2084 et
575 2044 723 2085 divites
756 2044 978 2098 appellant)
1012 2044 1150 2098 prodit
1181 2044 1398 2097 magnifico
1431 2048 1603 2094 ornatu3
1630 2044 1769 2097 singu-

277 2127 337 2168 los
383 2142 433 2167 ne
477 2127 621 2181 aspicit
663 2127 851 2180 quidem3
897 2141 1074 2180 namque
1106 2127 1180 2167 hac
1212 2128 1254 2167 in
1286 2143 1329 2168 re
1361 2128 1572 2182 pecuniosi
1604 2127 1667 2167 illi
1700 2127 1769 2168 ho-

279 2210 418 2260 mines,
462 2224 637 2263 quorum
681 2224 827 2263 magna
870 2224 962 2264 pars
1008 2210 1211 2263 originem
1243 2224 1264 2249 a
1298 2209 1492 2250 libertino
1524 2209 1767 2260 deducebat,

277 2293 378 2346 quin
411 2293 533 2332 etiam
563 2292 684 2332 multi
722 2307 860 2332 eorum
894 2291 972 2346 ipsi
1005 2294 1125 2332 antea
1158 2292 1382 2332 servierant
1415 2293 1667 2343 servitutem,
1694 2292 1769 2332 hac

277 2376 319 2416 in
366 2391 409 2416 re
454 2376 622 2428 inquam
668 2373 745 2415 sibi
792 2374 1011 2428 placebant
1053 2379 1101 2414 ut
1142 2375 1308 2415 miseros
1343 2390 1437 2416 suos
1472 2379 1513 2415 et
1544 2376 1769 2416 esurientes

278 2457 446 2498 clientes
488 2472 634 2511 magna
676 2472 799 2511 opum
845 2471 1013 2496 suarum
1055 2457 1331 2497 ostentatione
1366 2462 1406 2497 et
1439 2457 1614 2511 superbo
1648 2457 1768 2498 vultu

277 2540 506 2594 habituque
535 2544 842 2581 consternarent
871 2545 912 2580 et
943 2540 1316 2595 obstupefacerent.
1350 2540 1451 2581 Prae
1471 2541 1614 2581 ceteris
1630 2545 1768 2581 autem

279 2624 471 2664 stultitiis
510 2623 703 2664 humanis
746 2623 930 2664 Luciano
976 2623 1151 2663 ridicula
1184 2623 1348 2663 videtur
1381 2624 1459 2664 ista
1490 2627 1555 2664 τοῦ
1587 2623 1770 2664 δεσπότου

280 2706 453 2757 πρόοδοςς
498 2707 660 2761 saepius
700 2721 795 2761 ergo
836 2721 1038 2760 pauperes
1081 2705 1245 2746 inducit
1275 2705 1501 2747 Patronum
1534 2721 1655 2747 suum
1686 2710 1772 2746 tan-

280 2794 371 2829 tum
411 2803 493 2829 non
535 2788 764 2840 adorantes,
806 2789 1023 2843 ipsumque
1064 2790 1221 2842 Regem
1265 2793 1383 2829 tanto
1425 2804 1519 2830 cum
1551 2788 1767 2843 splendore
