2086 3428
965 326 1014 362 51

245 459 456 512 neglegam
503 458 596 500 illos
642 459 779 510 libros,
823 460 894 513 qui
937 459 1109 500 Luciani
1150 475 1296 501 nomen
1339 475 1434 516 prae
1467 477 1508 502 se
1538 462 1728 513 ferentes,

244 545 382 580 tamen
424 546 464 580 et
504 542 712 582 communi
755 542 969 582 doctorum
1012 543 1216 583 sententia
1249 543 1297 583 ab
1330 544 1552 598 impostore
1585 546 1728 599 scripti

246 638 328 664 esse
362 627 580 664 censentur
612 628 651 664 et
684 639 823 664 revera
854 625 994 679 scripti
1022 629 1132 665 sunt.
1161 625 1266 665 Nam
1297 626 1395 679 quid
1422 627 1571 667 attinet
1588 632 1728 667 utrum

245 720 329 746 uno
362 711 402 747 et
443 706 571 747 altero
603 706 690 746 loeo
723 707 1020 748 emendatiores
1052 723 1102 747 an
1135 708 1410 762 corruptiores
1443 709 1729 749 circumferan-

245 792 313 829 tur
358 788 451 829 libri
507 789 648 842 quales
696 794 794 830 sunt
841 790 1103 844 Philopatris,
1154 790 1441 831 Demosthenis
1487 793 1730 841 encomium,

246 871 536 912 Charidemus?
583 872 741 913 Sufficit
776 873 873 913 talia
915 873 1039 913 semel
1081 874 1225 927 legisse
1269 874 1330 914 vel
1367 874 1473 914 inter
1505 874 1727 928 legendum

244 953 436 1008 abjecisse
468 970 489 995 e
522 954 722 995 manibus.

302 1199 514 1240 Somnium
547 1217 576 1242 s.
610 1200 707 1241 Vita
739 1201 759 1255 {s
788 1203 853 1241 22:
882 1201 1044 1251 „Pater
1073 1201 1212 1242 meus”
1239 1202 1410 1255 scriptor
1438 1208 1575 1243 narrat
1593 1218 1727 1256 „pue-

245 1297 336 1323 rum
372 1298 434 1323 me
462 1288 611 1338 patruo
640 1283 939 1324 commendavit
964 1289 1012 1325 ut
1040 1300 1104 1325 me
1131 1290 1259 1325 artem
1279 1285 1526 1326 sellulariam
1545 1285 1729 1336 doceret,-

244 1381 390 1420 nempe
422 1366 520 1407 huie
552 1367 630 1407 arti
663 1382 726 1407 me
759 1382 780 1406 a
812 1371 960 1407 natura
993 1371 1086 1421 apta
1112 1367 1246 1408 indole
1275 1367 1507 1421 praeditum
1537 1384 1619 1408 esse
1648 1368 1731 1422 opi-

243 1449 441 1500 nabatur3
475 1450 584 1503 quod
617 1450 686 1490 ille
720 1449 961 1504 conjiciebat
993 1454 1083 1496 τκῖς
1115 1451 1157 1490 ἐκ
1183 1453 1248 1490 τοῦ
1277 1453 1387 1501 κηροῦ
1415 1450 1732 1496 πωιδικῖς·ἑπέ,-ε

245 1532 319 1584 γὰρ
361 1532 542 1585 ἀφεθείην
589 1532 660 1573 ὑπὸ
691 1536 763 1573 τῶν
795 1532 1038 1573 &theudam
1071 1530 1243 1580 ἀποξέων
1275 1532 1320 1573 ἂν
1353 1533 1415 1573 τὸν
1447 1533 1553 1584 κηρὸν
1584 1531 1604 1579 ἦ
1639 1533 1731 1581 βοῦς

243 1615 263 1663 ἢ
298 1615 436 1662 ἵππους
467 1615 488 1662 ἢ
522 1615 589 1656 καὶ
622 1615 664 1661 νὴ
700 1616 766 1656 Δί’
802 1617 1014 1668 ἀνθρώπως
1042 1616 1299 1668 οένέπλκττον,
1329 1616 1478 1662 εἰκότως
1507 1617 1554 1662 ὡς
1583 1616 1730 1656 §Ehem

242 1701 294 1750 τῷ
326 1698 481 1751 πκτρι’.”
514 1699 609 1740 Νο11
643 1700 794 1753 injuria
827 1700 903 1739 viri
936 1700 1042 1740 docti
1076 1699 1248 1740 haerent
1278 1700 1319 1739 in
1347 1699 1508 1744 εἰκότως.
1539 1699 1725 1739 Annotat

242 1782 418 1822 Bourd.:
465 1782 555 1832 „ad
602 1797 736 1822 veram
782 1782 1017 1836 imaginem,
1060 1783 1150 1833 πρὸς
1192 1782 1260 1828 τὴν
1303 1783 1440 1822 εἰκέναι.
1488 1780 1582 1822 Νο11
1620 1783 1726 1821 enim

242 1866 390 1912 εἰκότως
437 1865 494 1906 ibi
541 1865 768 1920 vulgariam
817 1867 965 1920 recipit
1008 1866 1404 1920 interpretationem,
1450 1880 1542 1906 cum
1586 1865 1729 1906 nullus

242 1963 382 1990 sensus
413 1949 506 1989 eliei
538 1949 702 2003 possit”;
737 1949 847 1990 unde
880 1964 953 2003 ego
986 1949 1147 1990 nullum
1182 1964 1343 1990 sensum
1378 1949 1524 1990 elicere
1553 1964 1729 2003 possum.

242 2030 393 2071 Contra
432 2031 721 2072 Lehmannus:
755 2065 779 2082 ‚,
793 2032 942 2078 εἰκότως
961 2064 1092 2072 .....
1129 2036 1189 2072 est
1220 2032 1383 2086 propria
1414 2032 1453 2071 vi
1486 2047 1560 2072 sua
1590 2031 1733 2086 proba·

242 2114 393 2161 biliter,
427 2115 726 2165 verosimiliter,
761 2130 855 2168 ergo
882 2115 923 2156 h.
951 2115 977 2155 1.
1007 2119 1179 2155 naturae
1207 2114 1536 2155 convenienter.”
1551 2114 1731 2155 Lubrica

243 2202 304 2239 est
335 2198 435 2239 haee
467 2198 695 2253 explicandi
726 2199 830 2239 ratio
863 2203 925 2248 ut,
953 2197 1024 2238 ubi
1052 2213 1154 2253 opus
1181 2203 1253 2249 est,
1285 2213 1372 2238 eam
1392 2198 1729 2252 significationem

241 2280 407 2334 aliquod
439 2280 684 2322 vocabulum
716 2281 863 2322 habere
896 2281 1083 2331 affirmes,
1112 2297 1235 2335 quam
1263 2296 1464 2335 nusquam
1493 2281 1590 2321 alibi
1609 2281 1732 2321 habet

241 2378 375 2417 neque
407 2363 554 2405 habere
586 2369 734 2419 potest.
776 2364 866 2405 Non
895 2365 1001 2405 enim
1030 2365 1088 2405 ita
1114 2364 1361 2405 vocabulum
1391 2363 1541 2410 εἰκότως
1569 2363 1728 2404 verbo

243 2447 409 2487 additur
440 2451 488 2487 ut
520 2447 721 2487 modum
753 2447 907 2488 indicet
939 2462 1020 2501 quo
1054 2448 1152 2501 quid
1187 2451 1354 2501 agatur3
1391 2446 1460 2487 sed
1487 2447 1594 2487 toti
1623 2461 1731 2487 sen-

242 2530 453 2570 tentiae
486 2535 533 2570 ut
561 2531 741 2571 ration
759 2546 831 2571 em
860 2531 1074 2580 reddat,
1104 2546 1229 2584 quare
1258 2530 1501 2584 plerumque
1519 2531 1732 2583 sequentia

243 2613 445 2666 particula
490 2613 565 2665 ’γάρ
597 2618 889 2654 annectuntur.
925 2613 1055 2654 Nulla
1087 2619 1225 2654 autem
1258 2629 1376 2654 eausa
1409 2618 1495 2654 erat
1525 2629 1598 2655 cur
1630 2629 1732 2669 puer

243 2694 450 2735 Lueianus
484 2710 683 2749 equorum
715 2696 1010 2749 hominumque
1043 2696 1193 2750 figuras
1221 2712 1241 2737 e
1267 2711 1356 2737 cera
1384 2697 1569 2751 fingeret,
1594 2712 1730 2750 neque

242 2791 337 2830 ergo
370 2782 689 2818 consentaneum
721 2779 786 2819 vel
818 2794 981 2819 neeesse
1014 2783 1100 2819 erat
1132 2794 1224 2819 eum
1264 2779 1306 2819 id
1338 2779 1482 2819 faeere.
