2086 3428
972 347 1026 386 25

258 501 340 527 non
381 485 593 526 erubuisse
631 485 730 525 talia
762 485 803 524 in
836 484 1001 538 publico
1033 489 1237 525 conventu
1272 484 1454 524 recitare.
1490 482 1629 522 Sermo
1661 497 1742 523 non

257 568 391 609 solum
422 583 502 608 non
535 573 596 608 est
629 568 803 621 elegans,
838 582 979 607 verum
1012 566 1136 607 etiam
1162 565 1336 606 subinde
1363 580 1488 619 paene
1517 564 1743 615 absurdus3

259 651 381 692 nimis
423 650 498 691 sibi
542 650 680 690 rhetor
723 649 856 704 placet
898 650 939 689 in
982 664 1128 702 magno
1162 648 1375 689 verborum
1412 647 1593 697 ambitu3
1629 648 1746 701 quid-

261 734 359 787 quid
404 734 440 774 ei
482 734 523 774 in
567 737 743 773 mentem
784 733 897 772 venit
930 747 1011 785 quo
1044 731 1320 785 Antiquitatis
1353 731 1582 771 doctrinam
1615 736 1746 770 osten-

261 821 348 857 tare
380 816 508 870 possit
539 815 713 855 sermoni
747 830 820 855 suo
853 815 1069 864 admiscet3
1105 814 1317 868 proverbia
1349 818 1390 853 et
1421 813 1530 853 locos
1561 828 1581 853 e
1615 813 1746 867 poetis

260 900 445 952 antiquis
477 899 621 939 citatos
653 899 817 939 inficeto
851 897 970 938 modo
1002 898 1110 938 inter
1142 913 1182 937 se
1211 897 1374 951 jungit3
1408 901 1449 937 et
1479 896 1589 950 quod
1625 896 1747 936 maxi-

263 997 378 1022 mum
408 987 481 1032 est,
510 981 549 1021 in
571 982 755 1022 oratione
772 981 981 1021 interdum
1000 981 1100 1021 mira
1117 985 1175 1020 est
1195 985 1235 1020 et
1253 980 1420 1034 puerilis
1435 979 1746 1019 inconcinnitas.

320 1064 504 1105 Primum
536 1080 676 1105 eorum
710 1079 813 1118 quae
840 1065 925 1105 dixi
955 1064 1139 1118 exempla
1165 1065 1352 1114 afferam3
1379 1062 1526 1103 deinde
1545 1067 1584 1102 et
1601 1062 1748 1102 menda

261 1149 460 1203 quaedam
493 1148 680 1188 indicabo
714 1163 818 1201 quae
852 1147 953 1187 mihi
986 1162 1068 1187 non
1100 1162 1121 1186 a
1154 1146 1354 1198 Luchmo,
1390 1161 1529 1186 verum
1559 1161 1581 1184 a
1606 1144 1748 1185 scribis

263 1232 474 1273 commissa
506 1247 590 1272 esse
623 1231 830 1271 videntur.

321 1315 414 1355 Jam
461 1315 600 1373 statim
640 1315 681 1354 iu
725 1313 985 1363 „Herculis”
1028 1314 1146 1353 initio
1189 1312 1314 1353 habes
1356 1314 1396 1353 in
1441 1328 1522 1366 quo
1556 1312 1747 1353 offendas.

266 1399 503 1449 „Hercules
543 1398 614 1438 ille
658 1398 840 1440 Gallicus
882 1398 963 1438 sive
1006 1397 1230 1438 Ochmius³³

1272 1397 1409 1437 rhetor
1441 1397 1499 1437 ait
1530 1412 1616 1447 „ea
1648 1396 1748 1436 facie

266 1497 393 1535 eaque
425 1482 553 1521 forma
587 1497 608 1521 a
644 1481 775 1522 Gallis
807 1482 1046 1536 depingitur
1079 1486 1126 1521 ut
1159 1485 1312 1530 μᾶλλον
1345 1480 1503 1532 Χάρωνα,
1535 1479 1750 1527 ἣἸάπετόν

264 1580 350 1606 τινκ
390 1568 462 1605 τῶν
504 1564 812 1616 Ὗπστκρτκρίων
844 1564 910 1605 xxi
944 1564 1077 1605 πάντ-κ
1108 1568 1261 1614 μᾶλλον
1294 1563 1314 1610 ἢ
1350 1563 1547 1615 Ἡρκκλέκ
1578 1559 1670 1604 εἶναι
1704 1561 1750 1603 ἂν

265 1648 495 1693 sindo-5125?
528 1647 642 1687 Illud
674 1646 742 1687 ux}
774 1646 907 1688 πάντ-κ
940 1649 1093 1696 μᾶλλον
1126 1646 1145 1693 ἢ
1183 1645 1381 1698 Ἡρκκλέκ
1416 1645 1603 1699 quisquis
1632 1645 1751 1685 credo

266 1730 388 1785 paulo
420 1730 629 1770 venustior
661 1730 876 1770 omisisset.

325 1813 403 1853 Sed
436 1813 568 1853 multo
601 1811 818 1853 absurdius
850 1813 1007 1866 aliquid
1040 1813 1193 1867 legitur
1226 1814 1247 1867 ξ
1280 1815 1338 1853 3³.
1374 1812 1597 1865 Postquam
1631 1811 1752 1865 scrip·

266 1902 330 1937 tor
374 1897 458 1951 jam
499 1897 632 1938 multa
674 1896 792 1937 verba
836 1897 1036 1951 impendit
1074 1897 1116 1938 in
1159 1896 1426 1937 describendo
1468 1895 1539 1935 illo
1572 1894 1753 1934 Hercule

268 1979 439 2028 Gallico,
482 1980 539 2020 ita
581 1980 736 2034 pergit:
780 1980 901 2021 κκίτσι
943 1981 984 2021 τὸ
1022 1978 1336 2031 πκρκδοξέτκτσν
1370 1978 1515 2020 οὐδέπω
1550 1977 1653 2029 ἔφην
1684 1982 1752 2023 τῆς

267 2063 415 2109 εἰκόνος.
450 2063 646 2117 Sequitur
677 2063 824 2103 deinde
855 2063 1074 2118 descriptio
1107 2078 1245 2104 eorum
1282 2063 1353 2116 qui
1382 2061 1606 2103 Herculem
1634 2061 1754 2102 comi-

266 2151 422 2198 tantur,
465 2147 654 2197 δεδεμένσι
686 2148 727 2187 ἐκ
760 2150 831 2187 τῶν
863 2147 979 2193 ὤτωιλ,
1012 2151 1192 2187 attamen
1226 2161 1307 2186 non
1341 2146 1578 2196 renitentes,
1614 2159 1751 2185 verum

267 2231 413 2271 ducem
444 2245 565 2270 suum
596 2230 811 2270 laudantes
845 2229 1121 2283 ridentesque.
1158 2229 1330 2270 Putares
1364 2229 1396 2269 si
1427 2233 1467 2269 et
1499 2228 1560 2269 illi
1586 2228 1754 2268 comites

267 2313 364 2354 satis
396 2313 553 2367 magnis
585 2312 826 2367 ambagibus
859 2313 1053 2367 descripti
1085 2313 1167 2353 sint
1201 2317 1331 2353 totam
1360 2312 1444 2366 jam
1476 2312 1754 2352 narrationem

268 2396 317 2437 de
356 2397 459 2437 miro
501 2397 578 2437 isto
620 2396 793 2437 Ochmio
826 2396 875 2436 ad
907 2396 1027 2436 finem
1062 2396 1320 2450 pervenisse;
1355 2394 1427 2435 ubi
1461 2395 1569 2434 enim
1598 2394 1679 2448 jam
1713 2394 1754 2434 τὸ

268 2477 580 2531 πκρκδσξότκτεν
612 2484 820 2520 narratum
856 2484 918 2519 est
945 2479 1049 2520 nihil
1078 2479 1188 2520 ultra
1215 2483 1276 2519 est
1303 2478 1638 2533 exspectandum.
1667 2477 1756 2518 Fal-

267 2561 383 2602 leris!
429 2562 575 2602 Statim
609 2567 701 2617 post
732 2563 824 2603 illos
857 2563 1024 2603 comites
1057 2561 1158 2616 quid
1190 2561 1408 2615 sequitur?
1441 2560 1495 2611 „3
1528 2561 1568 2602 δὲ
1600 2560 1755 2601 πάντων

267 2645 518 2686 simma-ww
551 2642 646 2685 εἷνκί
674 2661 737 2695 μοι
769 2643 905 2693 ἔδοξεν,
940 2646 1005 2686 οὐκ
1035 2645 1177 2691 izv-2355«)
1209 2645 1328 2684 εἰπεῖν
1356 2643 1423 2684 xz}
1449 2644 1601 2685 τῶι-αἶ’
1632 2642 1756 2694 Quod

269 2742 364 2781 ergo
406 2727 595 2782 deinceps
639 2732 828 2768 narratur
870 2727 911 2768 id
950 2743 1043 2768 vero
1076 2732 1136 2767 est
1167 2728 1403 2778 ἀτοπώτερον
1437 2730 1502 2767 τοῦ
1535 2724 1753 2778 πκρκδεξο-

270 2810 410 2851 τάτσυὶ
445 2809 599 2852 Verum
632 2811 798 2864 quidem
832 2815 892 2851 est
919 2810 1087 2851 eandem
1116 2810 1316 2850 incuriam
1345 2809 1511 2864 reperiri
1538 2809 1580 2849 in
1602 2809 1756 2863 Necyo-
