2086 3428
421 956 509 996 Hac
546 956 629 1010 jam
668 955 798 996 libelli
841 955 919 995 mei
960 958 1074 1009 parte
1117 953 1167 994 ad
1208 953 1329 994 finem
1362 953 1561 1008 perducta
1599 953 1713 994 aliud
1743 967 1855 994 nunc

362 1055 509 1093 sequar
542 1039 747 1080 scribendi
780 1039 1013 1080 consilium.
1049 1038 1191 1090 Quum
1227 1038 1335 1078 enim
1370 1037 1412 1077 in
1443 1035 1784 1091 praecedentibus
1814 1036 1855 1077 id

361 1103 647 1177 spectaverim,
688 1127 736 1163 ut
777 1126 982 1176 quantum
1026 1122 1114 1176 ejus
1154 1121 1242 1161 fieri
1285 1124 1420 1174 posset
1452 1120 1555 1160 serie
1590 1118 1766 1173 quadam
1798 1133 1859 1160 co-

362 1206 580 1246 haererent
618 1205 989 1246 animadversiones
1021 1219 1148 1253 meae,
1181 1217 1428 1258 operamque
1460 1202 1643 1243 dederim
1674 1217 1724 1242 ne
1756 1201 1860 1242 indi-

363 1294 478 1343 gesta
505 1289 834 1343 conjecturarum
866 1288 993 1328 moles
1019 1286 1203 1327 taedium
1233 1287 1375 1326 lectori
1403 1290 1598 1334 moveret,
1627 1285 1719 1326 illos
1745 1285 1858 1326 dein-

364 1386 456 1426 ceps
488 1371 659 1412 tractavi
692 1370 866 1411 Luciani
898 1369 1058 1411 libellos
1090 1369 1134 1410 in
1169 1369 1322 1422 quibus
1357 1368 1458 1409 mihi
1492 1368 1542 1409 ad
1571 1367 1860 1422 corrigendum

366 1455 494 1509 major
525 1453 815 1508 suppeditabat
846 1453 1043 1493 vitiorum
1075 1453 1213 1507 copia,
1243 1467 1287 1492 ex
1318 1451 1408 1492 aliis
1435 1450 1550 1491 libris
1573 1450 1739 1491 illorum
1756 1449 1862 1490 loco·

367 1552 457 1578 rum
491 1536 663 1591 adjunxi
692 1535 997 1576 emendationes
1030 1535 1100 1589 qui
1133 1533 1322 1575 affinibus
1349 1533 1586 1574 laborarent
1612 1531 1763 1573 morbis
1774 1549 1784 1582 3
1803 1532 1862 1572 in-

366 1620 530 1660 terdum
573 1620 605 1659 si
647 1619 704 1659 ita
745 1634 807 1659 res
846 1618 970 1659 ferret
1001 1617 1208 1673 digressus
1241 1617 1395 1672 species
1429 1615 1626 1670 quasdam
1661 1630 1859 1666 errorum,

369 1717 471 1757 quos
514 1703 577 1743 vel
620 1701 777 1743 librarii
821 1717 918 1757 prae
957 1702 1121 1742 inscitia
1163 1701 1469 1749 commiserunt,
1510 1699 1573 1740 vel
1605 1698 1861 1754 grammatici

369 1785 594 1826 annotandi
621 1785 759 1826 studio
785 1784 903 1825 ducti
930 1785 1189 1834 invexerunt,
1218 1783 1294 1824 sub
1320 1798 1450 1824 unum
1469 1783 1563 1823 dedi
1582 1787 1863 1837 conspectum.

428 1869 553 1910 Nunc
585 1873 735 1919 tamen,
769 1869 964 1922 quoniam
994 1868 1037 1908 in
1068 1867 1239 1921 reliquis
1271 1866 1446 1907 Luciani
1474 1865 1590 1906 libris
1619 1866 1864 1920 plerumque

371 1952 556 2006 singulos
598 1956 764 1992 tantuin
807 1951 873 1991 vel
916 1949 1032 1991 binos
1068 1937 1177 1991 locos
1214 1950 1273 1990 ita
1306 1949 1410 1990 mihi
1441 1948 1579 1989 videor
1615 1948 1863 1998 emendasse,

371 2040 420 2076 ut
463 2050 557 2076 cum
587 2033 810 2075 lectoribus
842 2049 951 2074 meas
983 2033 1305 2087 qualescumque
1338 2032 1610 2073 correctiones
1643 2030 1866 2072 communi-

373 2133 464 2159 care
496 2117 683 2167 audeam,
718 2117 799 2157 alia
827 2117 905 2158 erit
932 2116 1156 2157 insistenda
1185 2116 1271 2156 via:
1291 2130 1437 2168 sequar
1454 2114 1646 2155 editionis
1663 2114 1862 2165 ordinem,

374 2206 414 2242 et
458 2200 588 2242 sicubi
632 2200 731 2241 mihi
764 2200 987 2255 repperisse
1019 2200 1158 2240 videor
1191 2199 1301 2252 quod
1334 2202 1561 2238 memoratu
1594 2198 1646 2238 sit
1676 2198 1865 2252 dignum,

373 2284 416 2325 id
448 2299 571 2338 quam
604 2288 746 2338 potero
778 2284 1016 2324 firmissimis
1048 2282 1302 2337 argumentis
1329 2282 1589 2322 adstructum
1616 2295 1865 2335 propona1n;

375 2369 448 2409 hac
480 2373 617 2409 tamen
649 2368 739 2422 lege
773 2371 929 2408 servata
963 2370 1012 2407 ut
1043 2380 1147 2420 quae
1178 2365 1221 2406 in
1253 2365 1422 2406 diversis
1454 2363 1569 2404 libris
1595 2363 1719 2404 simili
1746 2362 1865 2403 modo

375 2452 436 2493 vel
470 2467 491 2491 a
523 2451 699 2492 librariis
731 2451 795 2491 vel
827 2466 848 2491 a
876 2449 1152 2504 grammaticis
1178 2453 1343 2503 peccata
1372 2447 1588 2487 videantur
1606 2446 1864 2500 conjungam.

378 2535 498 2587 Quod
547 2539 596 2575 ut
643 2534 742 2575 mihi
787 2533 837 2573 ad
878 2532 1139 2573 scribendum
1183 2535 1242 2572 est
1278 2530 1519 2585 jucundius,
1553 2530 1609 2570 ita
1641 2528 1866 2570 lectoribus

379 2619 426 2671 (si
455 2622 591 2658 tamen
626 2621 751 2658 erunt
781 2617 853 2670 qui
886 2631 949 2656 me
980 2616 1133 2670 legant)
1167 2614 1304 2654 minus
1335 2613 1555 2654 molestum
1582 2612 1666 2653 fore
1693 2611 1868 2653 arbitror

379 2715 502 2754 quam
534 2700 580 2750 si,
609 2715 713 2753 quae
741 2700 924 2754 ejusdem
948 2699 1109 2753 generis
1134 2702 1243 2749 sunt,
1272 2696 1345 2737 ubi
1363 2711 1465 2751 opus
1482 2711 1563 2736 non
1581 2700 1642 2736 est
1658 2695 1865 2736 divellam.

440 2782 632 2823 Ceterum
665 2796 1004 2836 unumquemque
1036 2780 1306 2835 probaturum
1341 2795 1424 2820 esse
1456 2778 1614 2819 confido
1641 2778 1675 2818 si
1700 2777 1867 2818 omnino
