2086 3428
421 1054 583 1094 Scatere
616 1053 789 1101 Luciani
818 1054 976 1094 codices
1003 1053 1287 1107 editionesque
1316 1053 1400 1094 dixi
1419 1052 1725 1102 additamentis,
1746 1067 1851 1106 quae

360 1139 618 1192 grammatici
665 1137 970 1192 adscripserint,
1016 1137 1079 1178 vel
1121 1142 1170 1178 ut
1213 1137 1418 1178 breviores
1461 1136 1623 1177 dicendi
1655 1135 1853 1176 formulas

362 1223 587 1277 explerent,
632 1222 692 1263 vel
736 1226 783 1262 ut
825 1221 1093 1275 exquisitiora
1132 1220 1329 1261 vocabula
1363 1220 1615 1273 quotidianis
1645 1218 1854 1260 vocabulis

361 1305 613 1359 explicarent
646 1310 686 1345 et
718 1306 1104 1359 interpretarentur.
1135 1304 1339 1354 Quoniam
1366 1303 1471 1344 nihil
1499 1309 1560 1344 est
1587 1302 1698 1357 quod
1725 1303 1854 1357 magis

360 1388 448 1428 istis
495 1389 874 1442 interpretamentis
922 1387 1113 1428 obscuret
1160 1388 1371 1442 scriptoris
1410 1387 1570 1440 antiqui
1614 1386 1852 1440 elegantias,

362 1472 572 1525 magisque
621 1472 805 1512 taedium
853 1477 1013 1511 moveat
1055 1471 1213 1521 lectori,
1256 1470 1424 1511 habebit
1468 1471 1636 1511 fortasse
1670 1470 1851 1524 aliquam

361 1555 587 1595 utilitatem
623 1555 656 1596 si
688 1555 798 1595 hunc
831 1554 968 1595 locum
1001 1554 1245 1608 diligentius
1277 1568 1487 1607 exsequar.
1522 1552 1721 1607 Colligam
1755 1567 1852 1607 ergo

361 1638 436 1679 hac
486 1643 601 1692 parte
644 1637 777 1678 libelli
819 1638 898 1678 mei
942 1637 1166 1690 insigniora
1203 1637 1403 1690 quaedam
1438 1637 1657 1690 utriusque
1691 1637 1852 1691 generis

361 1721 561 1776 exempla.
598 1720 753 1761 Verum
787 1736 839 1761 ne
873 1721 965 1774 quis
998 1720 1244 1760 temeritatis
1277 1735 1340 1759 me
1373 1724 1520 1773 arguat
1552 1723 1671 1760 caute
1706 1723 1747 1760 et
1779 1719 1853 1760 cir-

361 1808 594 1858 cumspecte
642 1818 759 1857 agam
807 1808 847 1843 ct
892 1804 941 1843 de
989 1803 1131 1843 multis
1180 1818 1310 1858 pauca
1352 1804 1551 1856 quaedam
1597 1803 1757 1857 eligam,
1802 1803 1851 1843 de

360 1886 511 1941 quibus
544 1886 668 1927 semel
700 1885 935 1926 admonitus
970 1886 1034 1926 vix
1067 1891 1128 1927 est
1161 1886 1271 1939 quod
1304 1887 1395 1940 quis
1427 1886 1604 1927 dubitet.

420 1969 619 2011 Ordinem
666 1970 823 2025 aperiat
863 1969 977 2010 locus
1019 1970 1060 2009 in
1104 1969 1274 2010 Timone
1318 1971 1339 2023 ξ
1385 1972 1471 2010 25¹1.
1506 1969 1658 2010 Plutus
1691 1969 1852 2010 Mercu-

360 2054 468 2095 rium
501 2053 650 2094 docens
682 2053 753 2106 qui
781 2054 852 2093 fiat
879 2057 927 2092 ut
954 2053 1199 2107 plerumque
1228 2053 1278 2092 ad
1296 2053 1501 2107 improbos
1519 2058 1683 2094 tantum
1701 2054 1850 2104 veniat,

361 2137 422 2177 his
456 2136 589 2177 verbis
623 2137 781 2177 utitur:
815 2140 1053 2188 „Tet‘yxpofiv
1086 2134 1157 2176 ἅτε
1189 2139 1262 2176 τῶν
1290 2137 1360 2186 μὲν
1387 2138 1543 2187 οὲγκόῶν
1570 2137 1706 2186 ὀλίγων
1723 2135 1849 2188 ὄντων,

359 2224 524 2273 πονηρῶν
572 2219 612 2261 δὲ
655 2220 845 2260 πλείστων
887 2220 923 2259 ἕν
965 2225 1056 2265 wat:
1098 2219 1231 2260 πόλεσι
1271 2221 1313 2262 τὸ
1355 2225 1433 2260 πᾶν
1472 2220 1691 2272 ἐπεχόντων
1724 2221 1850 2261 ....”

360 2304 570 2344 Nimirum
621 2303 653 2343 si
701 2301 875 2357 improbi
915 2303 957 2342 τὸ
998 2304 1076 2342 viv
1116 2302 1313 2353 ἐπέχευσι,
1358 2318 1516 2343 necesse
1560 2307 1623 2343 est
1661 2317 1849 2356 magnam

360 2403 499 2428 eorum
550 2403 634 2427 esse
681 2387 852 2440 copiam.
903 2385 981 2425 Sed
1029 2400 1149 2425 nemo
1197 2386 1316 2426 credo
1365 2386 1534 2426 inducet
1580 2386 1621 2426 in
1666 2386 1849 2426 animum

360 2471 516 2511 dicere:
552 2469 735 2521 „mvnpoi
767 2473 943 2508 πλεῖστοι
976 2468 1018 2508 τὸ
1052 2470 1130 2508 πᾶν
1157 2468 1382 2518 ἐπέχουσι.”
1414 2468 1587 2509 Addidit
1616 2468 1722 2509 illud
1740 2469 1847 2509 πλεί-

360 2569 459 2593 στων
491 2553 683 2607 magister
715 2552 865 2605 aliquis
898 2555 945 2591 ut
973 2551 1217 2605 praecedens
1244 2551 1380 2601 ἑλίγων
1409 2551 1578 2593 haberet
1604 2552 1713 2606 quod
1731 2567 1850 2606 oppo-

359 2640 542 2686 neretur,
578 2635 626 2676 de
660 2634 805 2675 ceteris
837 2633 935 2674 satis
967 2648 1147 2674 securus.

419 2718 529 2759 Dial.
572 2718 693 2759 Deor.
729 2717 801 2768 VI,
840 2719 887 2756 2:
925 2716 1007 2756 [Thi
1039 2716 1151 2757 Juno
1184 2718 1329 2758 marito
1362 2733 1435 2758 suo
1467 2718 1622 2759 Ixionis
1655 2718 1850 2773 protervi-

359 2808 484 2844 tatem
534 2803 772 2843 enunciavit
815 2802 912 2841 haec
956 2800 1077 2841 verba
1119 2802 1255 2841 addit:
1302 2803 1386 2851 „53
1428 2803 1461 2842 δ’
1494 2803 1612 2848 xum·
1646 2801 1711 2854 ἕρχ
1744 2801 1844 2848 ὅπως
