2086 3428
955 323 1006 361 85

241 463 282 503 τὸ
324 462 508 511 μετοίκιον
550 459 726 513 vectigal
758 464 818 500 est
849 459 960 512 quod
991 459 1166 499 Athenis
1198 457 1416 512 quotannis
1452 455 1720 511 pendebatur,

241 544 330 598 lege
363 558 434 598 pro
467 542 615 582 aoristo
647 556 836 596 praesens
867 540 1202 590 κοοτοιβοέλλοντες.

307 871 418 912 Haec
465 871 514 911 ad
557 870 849 924 elegantissimi
891 875 932 910 et
973 868 1213 923 lepidissimi
1245 867 1453 922 scriptoris
1484 865 1608 906 libros
1639 864 1722 905 ani-

245 953 533 994 madvertenda
579 957 619 992 et
662 952 893 992 annotanda
934 932 1228 991 existimabam.
1272 949 1498 999 Permulta,
1532 952 1594 988 sat
1628 948 1723 996 scio,

243 1040 398 1076 restant
437 1050 541 1089 quae
580 1036 815 1076 criticorum
847 1050 1013 1075 manum
1046 1038 1296 1089 exspectant,
1330 1048 1424 1074 nam
1454 1047 1549 1087 prae
1582 1032 1726 1072 ceteris

244 1117 453 1158 Lucianus
499 1119 610 1158 omni
658 1132 805 1171 genere
852 1117 1047 1157 vitiorum
1094 1116 1282 1157 foedatus
1323 1117 1373 1157 ad
1414 1130 1487 1156 nos
1526 1115 1725 1170 pervenit.

247 1200 434 1252 Quorum
479 1215 551 1253 ego
593 1200 724 1240 multa
766 1199 815 1240 de
860 1199 1062 1239 industria
1100 1198 1365 1253 praetermisi,
1400 1212 1503 1251 quae
1536 1179 1586 1237 iis
1618 1197 1728 1238 labo-

245 1298 334 1323 rare
376 1282 527 1323 morbis
568 1281 793 1322 sentiebam
834 1286 883 1322 ut
925 1297 1037 1322 meae
1080 1282 1182 1321 vires
1215 1281 1264 1321 ad
1298 1279 1527 1322 sanandum
1560 1279 1728 1320 omnino

246 1380 328 1406 non
374 1364 607 1405 sufficerent
619 1383 629 1414 ;
678 1365 796 1419 plura
843 1365 964 1405 etiam
1007 1379 1071 1405 me
1112 1364 1290 1404 invitum
1332 1363 1560 1417 neglexisse
1595 1363 1728 1413 credo,

246 1461 350 1500 quae
392 1447 604 1501 peritiores
646 1461 726 1487 non
764 1446 978 1500 fugissent.
1022 1445 1169 1499 Neque
1207 1445 1352 1486 dubito
1385 1446 1485 1498 quin
1517 1450 1558 1485 et
1590 1459 1730 1485 eorum

247 1544 351 1583 quae
393 1529 477 1583 ipse
521 1529 725 1579 annotavi,
769 1533 810 1568 et
843 1528 1174 1569 emendationum
1209 1542 1309 1581 quas
1339 1528 1546 1582 proposui,
1582 1527 1729 1567 bonam

247 1618 402 1668 partem
447 1613 646 1653 doctiores
685 1613 838 1666 optimo
874 1612 966 1666 jure
1008 1612 1091 1652 sint
1122 1611 1407 1666 reprehensuri
1440 1615 1479 1650 et
1512 1611 1612 1650 falsa
1645 1625 1730 1652 esse

249 1695 580 1736 demonstraturi.
624 1694 730 1735 Nam
770 1694 879 1748 quod
913 1694 1135 1735 rectissime
1168 1694 1217 1735 de
1250 1698 1338 1734 toto
1371 1708 1518 1747 genere
1551 1693 1730 1733 humano

249 1778 353 1818 dixit
384 1782 503 1832 poeta
518 1795 524 1816 :

538 1883 710 1930 ἅποοντές
742 1885 859 1934 ἐσμεν
891 1884 942 1930 εἷς
973 1885 1015 1925 τὲ
1047 1885 1229 1925 νουθετεῖν
1261 1883 1386 1935 σοφοί,

540 1965 651 2007 αὐτοὶ
683 1966 716 2007 δ’
749 1965 1036 2017 duma-dmm
1069 1967 1108 2007 οὐ
1141 1966 1420 2015 γιγνώσκομεν,

250 2074 421 2114 maxime
456 2073 496 2113 id
530 2072 638 2113 cadit
670 2073 711 2112 in
744 2087 856 2123 eum,
882 2073 953 2126 qui
976 2073 1140 2126 juvenis
1165 2076 1292 2113 artem
1321 2071 1503 2112 criticam
1530 2071 1607 2111 sibi
1624 2086 1731 2111 exer-

248 2171 336 2197 cere
369 2156 543 2196 videtur.
579 2155 771 2210 Ignoscet
802 2160 940 2196 tamen
968 2155 1110 2196 erratis
1139 2159 1179 2196 et
1205 2155 1325 2208 aequi
1354 2154 1531 2208 bonique
1550 2153 1734 2194 consulet

249 2239 463 2279 conamina
510 2253 599 2278 mea
644 2238 817 2279 idoneus
859 2238 907 2278 de
947 2238 1023 2279 hac
1064 2243 1151 2278 arte
1189 2238 1330 2292 judex.
1364 2237 1460 2278 Non
1493 2237 1601 2277 enim
1632 2237 1733 2277 alios

248 2319 390 2361 libello
422 2336 511 2361 meo
545 2320 688 2361 docere
721 2321 822 2361 mihi
854 2321 1071 2376 proposui3
1104 2320 1136 2360 si
1164 2320 1283 2361 modo
1310 2319 1460 2374 dignus
1486 2318 1622 2359 videar
1640 2318 1733 2358 viris

248 2403 379 2444 doctis
420 2419 540 2457 quem
584 2403 837 2458 argumentis
876 2403 959 2445 suis
996 2403 1239 2444 convincant
1273 2408 1314 2443 et
1344 2402 1512 2443 meliora
1545 2401 1731 2449 doceant,

250 2485 500 2526 uberrimum
549 2501 611 2526 me
658 2486 806 2527 laboris
839 2486 919 2527 mei
950 2485 1130 2526 fructum
1164 2486 1306 2526 tulisse
1337 2485 1471 2525 laetus
1503 2483 1731 2537 lubensque

248 2567 483 2622 profitebor.
