2086 3428
975 292 1024 332 77

259 429 351 482 quis
381 443 455 469 nos
486 433 602 483 roget
633 429 754 482 quale
781 429 939 482 aliquid
967 444 1030 469 ars
1058 430 1110 470 sit
1136 430 1215 483 (vel
1242 429 1429 470 barbare:
1460 430 1740 471 definitionem

258 510 448 552 vocabuli
487 526 550 551 ars
588 527 610 552 a
641 510 758 551 nobis
790 513 935 566 petat),
969 527 1042 552 nos
1071 512 1107 552 ei
1140 512 1197 552 ita
1229 512 1546 566 respondeamus
1578 518 1625 553 ut
1657 528 1741 553 rem

258 593 454 647 exemplis
484 593 832 635 demonstremus:
865 609 970 644 „ars
1002 599 1063 635 est
1095 595 1272 648 exempli
1305 596 1436 648 gratia
1463 596 1741 649 grammatica,

260 676 474 728 medicina,
516 676 771 731 parasitica.''
805 675 972 731 Optime
1011 678 1200 717 convenit
1232 692 1342 718 nunc
1376 678 1552 718 Simonis
1584 693 1746 732 respon-

257 774 370 800 sum:
418 764 598 800 attamen
646 774 720 813 ego
761 760 1021 814 parasiticam
1059 760 1187 814 magis
1231 761 1329 801 artis
1373 761 1535 801 nomine
1577 761 1742 815 dignam

257 847 360 898 puto
392 857 515 896 quam
548 842 675 882 ullam
708 842 843 883 aliam.

318 921 385 965 οἷον
416 939 488 979 pro
520 924 733 978 „exempli
768 924 926 978 gratia’'
959 926 1119 980 saepius
1146 925 1300 979 legitur
1328 927 1370 966 in
1399 927 1543 980 quovis
1562 926 1746 967 Pla-tonis

257 1007 439 1061 dialog03
479 1007 529 1048 de
561 1007 739 1048 formula
769 1006 879 1049 ὃποίκ
911 1024 968 1054 τις
1001 1008 1123 1059 τέχνη
1158 1009 1207 1049 cf.
1242 1008 1451 1063 Hirschig.
1489 1009 1539 1049 ad
1572 1009 1676 1050 hanc
1709 1011 1743 1064 ξ,

260 1090 378 1131 Plato
410 1090 458 1130 de
490 1090 591 1145 Rep.
625 1090 791 1142 438-E‚
826 1091 875 1131 de
910 1090 1035 1145 Legg.
1074 1093 1153 1132 767
1188 1092 1235 1132 Ε.

319 1174 380 1214 De
411 1173 547 1214 Paras.
582 1175 603 1228 ξ
637 1174 733 1214 27³:
763 1173 972 1214 Parasitus
998 1179 1046 1214 ut
1073 1175 1324 1216 demonstret
1351 1175 1607 1229 parasiticam
1624 1175 1745 1229 longe

259 1261 464 1311 praestare
506 1256 777 1311 philosophia,
820 1256 896 1296 1106
940 1256 1077 1296 utitur
1119 1261 1362 1310 argumento
1396 1261 1443 1297 ut
1475 1257 1665 1297 ostendat
1696 1258 1745 1297 de

259 1354 395 1380 rerum
427 1344 577 1380 natura
608 1353 690 1379 non
718 1339 934 1379 convenire
958 1339 1066 1380 inter
1092 1344 1221 1380 sectas
1248 1339 1602 1395 philosophorum,
1628 1340 1746 1380 aliter

259 1423 350 1465 aliis
393 1423 442 1464 de
486 1439 531 1464 ea
572 1439 811 1478 persuasum
851 1439 959 1474 esse3
994 1428 1096 1464 tune
1128 1424 1185 1463 ita
1216 1424 1374 1478 pergit:
1409 1422 1515 1473 „ma
1549 1423 1666 1475 μέχρι
1699 1440 1745 1474 γε

259 1510 324 1548 νῦν
369 1506 455 1548 οὔτε
497 1507 527 1547 οἱ
567 1506 675 1548 αὐτοὶ
716 1507 875 1557 γνώμης
915 1510 1128 1559 κρατοῦσιν,
1173 1506 1258 1548 οὔτε
1297 1508 1421 1548 αὐτῶν
1461 1507 1482 1553 ἡ
1514 1506 1635 1558 τέχνη
1671 1507 1745 1557 alx

459 1589 481 1606 '²
527 1589 624 1630 Non
672 1589 841 1630 memini
882 1605 945 1630 me
987 1604 1158 1643 usquam
1198 1589 1334 1643 legere
1376 1590 1536 1639 ’γνώμης
1568 1594 1742 1641 κρκτεῖνς

260 1590 454 1641 Φαίνεται.

259 1673 422 1713 videtur
453 1678 591 1713 tamen
624 1673 850 1726 significare
883 1688 1083 1722 „eausam
1111 1688 1224 1714 suam
1253 1672 1479 1713 obtinere.¹'
1509 1672 1621 1724 Quid
1649 1687 1745 1726 ergo

259 1756 463 1811 parasitus
495 1756 748 1811 philosophis
781 1761 820 1796 et
847 1756 1128 1810 philosophiae
1155 1755 1323 1810 objicit?
1350 1755 1509 1809 Nempe
1527 1755 1614 1806 hoc,
1634 1755 1744 1808 quod

260 1854 510 1893 quamquam
549 1839 632 1894 jam
666 1854 784 1893 saepe
818 1843 858 1879 et
891 1839 961 1879 diu
994 1839 1043 1879 (le
1076 1839 1225 1880 studiis
1256 1839 1340 1879 suis
1373 1843 1586 1879 certarunt
1617 1839 1745 1893 philo-

261 1922 390 1977 sophi,
434 1927 572 1962 tamen
614 1937 677 1962 res
718 1921 901 1963 nondum
934 1922 983 1963 ad
1018 1927 1177 1963 certum
1212 1926 1406 1962 eventum
1439 1926 1501 1962 est
1532 1921 1741 1976 perducta.

260 2005 386 2046 Nunc
427 2005 635 2059 Epicurei,
682 2020 775 2045 mox
818 2005 945 2046 Stoici
986 2005 1028 2045 in
1061 2004 1311 2059 disputando
1342 2004 1518 2058 palmam
1551 2004 1744 2045 victoriae

260 2088 465 2129 referunt:
499 2087 582 2129 οὔτε
614 2087 644 2128 οἱ
674 2087 779 2128 αὐτοὶ
811 2088 972 2137 γνώμης
1005 2090 1203 2139 κρκτοῦσιν
1234 2087 1306 2128 αἰεί.
1341 2086 1600 2127 Postremum
1634 2101 1745 2127 voca—

261 2171 406 2212 bulum
440 2171 557 2212 facile
590 2171 774 2212 excidere
801 2171 951 2226 potuit.
983 2170 1062 2226 (Cf.
1082 2169 1210 2211 Cobet
1227 2169 1332 2210 Nov.
1350 2169 1465 2210 Lect.
1484 2169 1535 2210 ad
1553 2154 1742 2224 Xenophi

260 2255 371 2295 Hell.
406 2254 440 2304 I,
476 2257 512 2306 6,
547 2257 604 2306 4.)

317 2336 440 2377 Liber
483 2336 532 2377 de
575 2336 758 2377 Parasito
801 2337 877 2377 1106
919 2337 1093 2377 maxime
1137 2337 1235 2377 vitio
1268 2335 1426 2377 laborat
1458 2336 1568 2389 quod
1601 2317 1745 2377 multis

258 2419 357 2460 locis
398 2420 595 2461 vocabula
627 2420 827 2474 quaedam
862 2420 1125 2470 exciderunt‚·
1160 2434 1264 2473 quae
1297 2419 1467 2459 lacunae
1502 2434 1631 2472 quum
1661 2419 1745 2473 jam

259 2503 475 2543 maximam
508 2508 661 2557 partem
696 2518 718 2543 a
744 2503 840 2544 viris
872 2503 1003 2544 doctis
1035 2503 1118 2543 sint
1150 2502 1350 2557 expletae,
1385 2517 1431 2542 eo
1459 2502 1587 2556 magis
1606 2503 1744 2553 miror,

259 2586 496 2626 etiamnunc
527 2586 789 2627 decurtatum
820 2586 1072 2626 circumferri
1098 2586 1232 2626 locum
1263 2584 1333 2625 ubi
1361 2589 1496 2625 tamen
1514 2599 1619 2638 quae
1637 2599 1751 2625 voca-

261 2668 358 2709 bula
384 2669 609 2709 exciderint
637 2674 750 2709 extra
777 2684 937 2709 omnem
957 2669 1258 2710 dubitationem
1280 2673 1339 2708 est
1357 2670 1553 2722 positum.
1573 2667 1747 2719 Legitur

260 2754 281 2805 §
316 2754 401 2792 (30³.
436 2751 644 2793 Parasitus
674 2753 732 2792 ita
763 2752 1040 2793 adversarium
1077 2767 1196 2792 suum
1231 2751 1470 2791 convincere
1506 2751 1658 2801 studet,
1696 2755 1744 2790 ut
